3330 5234
761 481 980 544 -32-

256 660 420 735 librorum,
446 663 499 742 qui
511 660 714 741 legebantur,
738 659 922 722 labentibus
939 661 1076 725 saeculis
1093 664 1139 724 sic
1156 661 1339 724 deminutus
1363 669 1422 735 est,
1448 671 1493 724 ut·

256 751 456 830 posteriores
479 751 680 830 grammatici
719 769 736 810 e
767 745 985 812 celeberrimis
1015 750 1248 813 Demosthenis
1286 750 1494 813 orationibus·

203 867 207 875 ¹
258 839 336 902 solis
368 839 536 901 scientiam
570 859 661 901 suam
697 838 738 899 de
769 840 902 920 antiqua
925 839 1112 920 dudumque
1143 840 1265 902 abolita
1292 839 1488 902 arbitrorum

257 928 457 990 institutione
482 927 655 995 hauserint,
695 926 801 989 Nobis
825 929 957 989 omnino
988 930 1044 990 vix
1067 928 1179 1010 viginti
1203 930 1378 1007 orationes
1402 947 1488 1008 quae

257 1016 300 1079 ad
324 1016 462 1078 arbitros
483 1015 633 1097 publicos
657 1017 831 1096 pertinent,
855 1016 985 1080 relictae
1000 1025 1084 1079 sunt.
1110 1017 1243 1080 Minime
1259 1017 1355 1097 igitur
1370 1017 1487 1079 mirum

258 1114 319 1180 est,
344 1105 436 1188 quod
460 1106 491 1167 in
515 1105 566 1167 his
589 1105 703 1185 paucis
726 1104 865 1186 reliquiis
897 1106 1138 1186 peregrinorum
1170 1106 1243 1168 lites
1275 1126 1352 1168 casu
1375 1105 1484 1168 locum

257 1214 323 1256 non
346 1194 544 1257 invenerunt.

302 1282 377 1346 Alia
400 1283 529 1344 maioris
553 1285 709 1345 momenti
733 1302 831 1344 causa
854 1282 937 1344 haec
962 1303 1035 1346 esse
1058 1283 1195 1346 videtur.
1228 1283 1367 1347 Multum
1391 1284 1485 1344 inter-

259 1379 318 1446 est,
355 1371 434 1452 quid
468 1391 550 1434 voce
584 1372 828 1452 peregrinorum
864 1371 1071 1451 significetur.
1118 1371 1151 1444 Si
1186 1371 1247 1434 sub
1285 1393 1368 1434 voce
1402 1372 1488 1448 ξένοι

258 1479 373 1522 omnes
409 1461 547 1522 civitatis
579 1468 731 1540 expertes
755 1459 841 1523 velut
863 1462 1014 1541 μέτοικοι,
1040 1455 1194 1534 ἱσοτελεῖς,
1219 1454 1368 1543 πρόξενοι
1391 1461 1485 1523 intel-

258 1549 388 1632 legendi
407 1558 490 1628 sunt,
509 1549 718 1630 ‘grammatici
741 1548 837 1629 plane
861 1549 940 1611 falsa
952 1550 1163 1627 tradiderunt,
1189 1551 1238 1612 sin
1253 1559 1360 1612 autem
1375 1551 1488 1626 ξένους

265 1639 451 1718 angustiore
471 1649 573 1700 'sensu
602 1637 895 1700 ¹circumscribimus
930 1648 963 1700 et
997 1659 1111 1701 omnes
1147 1639 1249 1702 modo
1284 1659 1487 1701 commemo·

258 1736 347 1789 ratos
372 1726 592 1802 excludimus,
628 1727 673 1788 ita
703 1735 738 1788 ut
770 1727 829 1789 soli
854 1729 937 1804 ξένοι
960 1727 1285 1811 παρεπιδημοῦντεςῑ)
1309 1728 1496 1808 supersint‚.

258 1818 400 1897 optimus
417 1837 533 1877 sensus
551 1815 696 1877 efficitur.
721 1816 805 1877 Nam
823 1817 935 1892 ξένους
958 1816 1004 1878 sic
1027 1816 1210 1880 intellectos
1234 1818 1331 1879 etiam
1355 1816 1487 1880 Aristo·

258 1905 340 1967 teles
364 1905 484 1966 iudicio
508 1904 697 1966 arbitrorum
722 1905 845 1966 exemit
868 1913 901 1966 et
925 1905 1035 1968 Meieri
1059 1906 1255 1984 coniectura,
1284 1905 1338 1987 qui
1361 1903 1403 1990 (p.
1432 1905 1495 1985 18).

259 1995 369 2071 ξένους
385 1994 472 2075 apud
488 1993 653 2055 Pollucem
671 1992 823 2074 supplere
839 1993 949 2068 voluit,
975 1994 1160 2057 Aristotelis
1173 1989 1279 2058 verbis
1294 1993 1486 2072 refutatum),

260 2081 517 2162 Quamquam
552 2083 686 2162 igitur
709 2083 974 2144 contendere
999 2083 1143 2158 nolim,
1183 2082 1486 2164 grammaticos

258 2182 338 2234 tam
374 2180 579 2233 accurate
615 2171 889 2246 distinxisse,
914 2181 1023 2234 tamen
1061 2172 1156 2234 talem
1189 2173 1428 2235 distinctionem
1453 2175 1485 2234 in

257 2259 401 2322 fontibus
439 2280 550 2322 eorum
581 2280 713 2321 eausam
749 2261 843 2334 dum,
879 2281 935 2322 cur
973 2263 1085 2336 ξένους
1121 2261 1254 2324 omnino
1290 2261 1482 2323 arbitrorum

258 2348 328 2410 foro
353 2351 552 2430 exceperint.
1123 2343 1126 2350 ’

305 2438 399 2518 Quae
434 2457 512 2500 vero
543 2437 779 2499 Hudtwalclrer
813 2437 858 2521 (p.
883 2436 975 2524 38l9)
1009 2440 1165 2501 adversus
1200 2439 1482 2519 grammaticorum

259 2547 383 2590 errores
408 2527 549 2606 protulit,
576 2527 694 2606 partim
709 2523 790 2589 falsa
813 2530 930 2607 partim
947 2548 1023 2590 vera
1039 2541 1122 2596 sunt.
1147 2528 1211 2590 lllis
1227 2528 1362 2590 secretis
1379 2538 1485 2590 cetera

260 2616 357 2677 etiam
380 2615 481 2678 hodie
505 2615 623 2689 ualent,
659 2636 678 2676 a
702 2617 918 2695 posteriorum
944 2616 1275 2696 argumentationibus
1299 2616 1483 2679 Aristotelis

260 2705 453 2766 auctoritate
467 2704 611 2772 defensa.
638 2703 689 2764 Ac
714 2703 795 2766 falso
812 2706 943 2786 quidem
959 2707 1007 2766 vir
1031 2705 1147 2768 doctus
1164 2705 1285 2768 Suidae
1309 2705 1406 2766 verba
1429 2705 1482 2766 ἐπὶ

258 2799 351 2856 τοῦτο
375 2793 478 2856 ἐλθεῖν
501 2789 555 2878 (=
578 2792 731 2854 arbitrum
748 2792 829 2875 fieri)
853 2794 1080 2873 interpretatus
1097 2803 1155 2859 est.
1181 2793 1247 2856 Sed
1264 2796 1384 2874 optime
1401 2792 1482 2854 illius

260 2881 341 2962 legis
364 2882 566 2962 iniquitatem
587 2880 762 2956 illustravit,
789 2903 872 2963 quae
888 2883 1080 2964 peregrinos
1103 2883 1190 2963 apud
1205 2882 1344 2945 arbitros
1360 2891 1483 2944 certare

258 2979 391 3032 vetaret.
417 2971 500 3033 Nam
519 2971 614 3032 simul
638 2990 711 3032 curn
734 2973 915 3052 peregrinis
932 2973 1018 3034 cives
1035 2972 1153 3033 damna
1168 2971 1332 3048 fecissent,
1357 2971 1482 3055 quibus,

259 3063 286 3122 si
310 3080 383 3121 cum
408 3060 534 3122 civibus
556 3059 735 3140 litigabant,
761 3060 831 3121 sola
853 3061 1030 3140 parastasis
1054 3061 1212 3123 solvenda
1235 3069 1312 3134 erat,
1337 3062 1386 3122 sin
1410 3080 1487 3122 cum

260 3149 438 3231 peregrinis
463 3169 514 3210 res
539 3157 617 3223 erat,
642 3156 813 3230 approvato
837 3149 1079 3231 impendebant,
1112 3150 1166 3232 qui
1190 3158 1337 3231 sumptus
1362 3148 1483 3212 multos

260 3259 280 3300 a
310 3239 378 3299 iure
410 3238 639 3318 persequendo
672 3237 834 3301 deterrere
858 3247 997 3318 poterat.
1036 3239 1112 3300 Hoc
1136 3249 1361 3320 argumentum
1385 3238 1488 3299 Meier

260 3347 325 3389 non
349 3325 473 3403 refellit,
498 3346 572 3387 curn
605 3326 701 3404 dicat,
734 3347 773 3388 ea
804 3327 876 3408 lege
907 3337 1116 3408 praecautum
1141 3349 1223 3403 esse,
1260 3347 1300 3389 ne
1324 3327 1484 3408 peregrini

259 3416 346 3496 apud
378 3416 501 3479 iudices
537 3415 745 3477 incommoda
779 3425 977 3496 paterentur.
1017 3417 1101 3478 Nam
1133 3416 1215 3478 haec
1240 3418 1484 3498 peregrinorum

260 3525 337 3567 cura
362 3524 381 3565 a
404 3513 548 3566 veterum
568 3502 769 3566 Graecorum
793 3505 1032 3568 consuetudine
1055 3505 1263 3580 abhorrebat,
1289 3505 1402 3566 civium
1427 3505 1484 3566 uti-

259 3593 332 3655 litas
355 3591 605 3674 praeferebatur.
637 3592 680 3654 Et
703 3594 825 3656 civibus
850 3602 938 3656 certe
962 3615 1001 3655 ea
1023 3595 1078 3656 lex
1101 3596 1275 3671 nocuisset,
1307 3593 1491 3676 peregrinis-

235 3682 435 3745 .commoda
458 3702 523 3743 non
547 3690 702 3763 parasset.
734 3682 819 3744 Nam
850 3683 1011 3764 peregrini
1042 3704 1107 3746 non
1139 3685 1242 3746 minus
1274 3702 1370 3762 quam
1395 3682 1484 3743 cives

259 3778 428 3853 approvato
452 3769 579 3832 solvere
603 3771 800 3834 verebantur
830 3781 863 3834 et
894 3792 992 3854 saepe
1025 3772 1169 3834 iniuriam
1194 3773 1260 3852 pati
1285 3770 1481 3846 maluissent,

260 3880 357 3941 quarn
381 3868 607 3939 sumptuosam
631 3859 776 3939 litigandi
800 3861 884 3922 viam
908 3863 1044 3945 ingredi.

304 3948 450 4011 Eaedem
475 3968 601 4023 causae,
628 3949 744 4030 quibus
767 3949 958 4014 arbitrorum
979 3948 1065 4012 'inter
1089 3950 1174 4011 cives
1197 3948 1371 4012 iurisdictio
1395 3968 1481 4012 com·

260 4037 484 4116 mendabatur,
508 4057 553 4099 sc.
578 4046 613 4100 ut
637 4047 784 4118 sumptus
808 4047 840 4102 et
864 4039 1061 4120 privatorum
1086 4047 1118 4101 et
1142 4037 1185 4099 rei
1209 4036 1361 4118 publicae
1385 4039 1485 4100 minu·

296 4249 319 4312 ¹)
339 4251 354 4299 i.
374 4268 395 4302 e.
416 4263 521 4314 parvum
540 4253 663 4315 temporis
682 4253 789 4316 spatium
808 4254 831 4302 in
851 4253 915 4302 urbe
936 4259 1074 4301 morantes.

295 4336 318 4401 2)
338 4339 377 4388 Cf.
398 4338 507 4402 Lipsius,
523 4332 642 4389 Baricbte
660 4348 719 4402 eto,
738 4356 762 4403 p.
783 4341 816 4389 53
836 4341 895 4388 adn.
915 4340 943 4388 2:
972 4340 1038 4389 Dem
1059 4339 1152 4390 Gesetz
1173 4341 1237 4388 nach
1258 4355 1341 4388 waren
1362 4339 1485 4400 Fremde,

259 4411 349 4460 soweit
367 4411 403 4459 sie
417 4412 484 4460 nr'cln
502 4410 526 4456 in
537 4412 627 4460 Attika
646 4415 758 4476 anstsslg
770 4427 865 4471 waren,
883 4425 929 4460 nur
942 4411 981 4459 fur
999 4407 1071 4460 δίκαι
1090 4407 1141 4460 ἀπὸ
1159 4408 1299 4476 συμβόλων
1317 4426 1343 4460 u.
1353 4409 1490 4460 Handels·-

259 4483 349 4545 klagen
368 4481 527 4540 recbtslahig.
