<?xml version="1.0" encoding="UTF-8"?>
<!DOCTYPE html PUBLIC "-//W3C//DTD XHTML 1.0 Transitional//EN"
    "http://www.w3.org/TR/xhtml1/DTD/xhtml1-transitional.dtd">
<html xmlns="http://www.w3.org/1999/xhtml" xml:lang="en" lang="en">
 <head>
  <title>
</title>
<meta http-equiv="Content-Type" content="text/html;charset=utf-8" />
  <meta name='ocr-system' content='tesseract 3.04.00' />
  <meta name='ocr-capabilities' content='ocr_page ocr_carea ocr_par ocr_line ocrx_word'/>
</head>
<body>
  <div class='ocr_page' id='page_1' title='image "./dearbitrisathen01piscgoog_0050.png"; bbox 0 0 3330 5234; ppageno 0'>
   <div class='ocr_carea' id='block_1_1' title="bbox 673 536 893 599">
    <p class='ocr_par' dir='ltr' id='par_1_1' title="bbox 673 536 893 599">
     <span class='ocr_line' id='line_1_1' title="bbox 673 536 893 599; baseline -0.005 -15"><span class='ocrx_word' id='word_1_1' title='bbox 673 536 893 599; x_wconf 71' lang='grc'>,45-</span> 
     </span>
    </p>
   </div>
   <div class='ocr_carea' id='block_1_2' title="bbox 165 710 1406 1779">
    <p class='ocr_par' dir='ltr' id='par_1_2' title="bbox 165 710 1406 1154">
     <span class='ocr_line' id='line_1_2' title="bbox 165 710 1406 797; baseline -0.007 -16"><span class='ocrx_word' id='word_1_2' title='bbox 165 739 243 781; x_wconf 92' lang='lat' dir='ltr'>nam</span> <span class='ocrx_word' id='word_1_3' title='bbox 268 717 344 781; x_wconf 91' lang='lat' dir='ltr'>illud</span> <span class='ocrx_word' id='word_1_4' title='bbox 368 724 581 797; x_wconf 88' lang='lat' dir='ltr'>praeceptum</span> <span class='ocrx_word' id='word_1_5' title='bbox 605 716 668 778; x_wconf 92' lang='lat' dir='ltr'>iam</span> <span class='ocrx_word' id='word_1_6' title='bbox 692 716 821 796; x_wconf 87' lang='lat' dir='ltr'><strong>pridem</strong></span> <span class='ocrx_word' id='word_1_7' title='bbox 846 724 959 778; x_wconf 88' lang='lat' dir='ltr'>notum</span> <span class='ocrx_word' id='word_1_8' title='bbox 985 721 1061 776; x_wconf 86' lang='lat' dir='ltr'>erat.</span> <span class='ocrx_word' id='word_1_9' title='bbox 1093 711 1140 776; x_wconf 83' lang='lat' dir='ltr'>cf.</span> <span class='ocrx_word' id='word_1_10' title='bbox 1166 710 1406 774; x_wconf 82' lang='lat' dir='ltr'>Hudtwalcker</span> 
     </span>
     <span class='ocr_line' id='line_1_3' title="bbox 166 799 1399 891; baseline -0.007 -20"><span class='ocrx_word' id='word_1_11' title='bbox 166 830 199 891; x_wconf 82' lang='lat' dir='ltr'>p.</span> <span class='ocrx_word' id='word_1_12' title='bbox 231 807 302 881; x_wconf 77' lang='lat'>129,</span> <span class='ocrx_word' id='word_1_13' title='bbox 327 806 430 868; x_wconf 90' lang='lat' dir='ltr'>Meier</span> <span class='ocrx_word' id='word_1_14' title='bbox 453 825 485 886; x_wconf 89' lang='lat' dir='ltr'>p.</span> <span class='ocrx_word' id='word_1_15' title='bbox 512 803 564 884; x_wconf 81' lang='lat'>28,</span> <span class='ocrx_word' id='word_1_16' title='bbox 586 805 716 868; x_wconf 78' lang='lat' dir='ltr'>Hubert</span> <span class='ocrx_word' id='word_1_17' title='bbox 739 825 772 885; x_wconf 90' lang='lat' dir='ltr'>p.</span> <span class='ocrx_word' id='word_1_18' title='bbox 801 803 855 880; x_wconf 70' lang='lat' dir='ltr'>ll,</span> <span class='ocrx_word' id='word_1_19' title='bbox 881 804 934 885; x_wconf 90' lang='lat' dir='ltr'>qui</span> <span class='ocrx_word' id='word_1_20' title='bbox 959 805 1136 884; x_wconf 88' lang='lat' dir='ltr'>praecipue</span> <span class='ocrx_word' id='word_1_21' title='bbox 1161 803 1259 870; x_wconf 84' lang='lat' dir='ltr'>Dem.</span> <span class='ocrx_word' id='word_1_22' title='bbox 1284 821 1331 863; x_wconf 87' lang='lat' dir='ltr'>or.</span> <span class='ocrx_word' id='word_1_23' title='bbox 1356 799 1399 862; x_wconf 75' lang='lat'>39</span> 
     </span>
     <span class='ocr_line' id='line_1_4' title="bbox 167 889 1399 980; baseline -0.006 -21"><span class='ocrx_word' id='word_1_24' title='bbox 167 898 256 978; x_wconf 86' lang='lat' dir='ltr'>(adv.</span> <span class='ocrx_word' id='word_1_25' title='bbox 271 893 379 980; x_wconf 83' lang='lat' dir='ltr'>Bo&#39;ot.)</span> <span class='ocrx_word' id='word_1_26' title='bbox 403 897 421 974; x_wconf 67' lang='grc' dir='ltr'>ξ</span> <span class='ocrx_word' id='word_1_27' title='bbox 449 895 486 956; x_wconf 87' lang='grc'>17</span> <span class='ocrx_word' id='word_1_28' title='bbox 518 893 717 957; x_wconf 88' lang='lat' dir='ltr'>nitebantur:</span> <span class='ocrx_word' id='word_1_29' title='bbox 757 899 854 956; x_wconf 84' lang='grc' dir='ltr'><em>ταῦτα</em></span> <span class='ocrx_word' id='word_1_30' title='bbox 884 891 945 956; x_wconf 83' lang='grc' dir='ltr'>δἐἰ</span> <span class='ocrx_word' id='word_1_31' title='bbox 972 894 1019 976; x_wconf 86' lang='grc' dir='ltr'>μὴ</span> <span class='ocrx_word' id='word_1_32' title='bbox 1055 892 1309 975; x_wconf 81' lang='grc' dir='ltr'><em>σεσημασμένων</em></span> <span class='ocrx_word' id='word_1_33' title='bbox 1339 889 1399 970; x_wconf 85' lang='grc' dir='ltr'>ἤδη</span> 
     </span>
     <span class='ocr_line' id='line_1_5' title="bbox 167 978 1400 1069; baseline -0.008 -20"><span class='ocrx_word' id='word_1_34' title='bbox 167 987 287 1069; x_wconf 92' lang='grc' dir='ltr'><em>συνέβη</em></span> <span class='ocrx_word' id='word_1_35' title='bbox 310 989 377 1047; x_wconf 84' lang='grc' dir='ltr'>τῶν</span> <span class='ocrx_word' id='word_1_36' title='bbox 401 984 524 1065; x_wconf 81' lang='grc' dir='ltr'><em>ἐχίνων,</em></span> <span class='ocrx_word' id='word_1_37' title='bbox 560 985 621 1046; x_wconf 85' lang='grc' dir='ltr'>κᾶν</span> <span class='ocrx_word' id='word_1_38' title='bbox 644 984 812 1066; x_wconf 87' lang='grc' dir='ltr'><em>μάρτυρας</em></span> <span class='ocrx_word' id='word_1_39' title='bbox 834 984 911 1063; x_wconf 79' lang='grc' dir='ltr'><em>ὑμῖν</em></span> <span class='ocrx_word' id='word_1_40' title='bbox 931 982 1153 1064; x_wconf 80' lang='grc' dir='ltr'><em>παρεσχόμην.</em></span> <span class='ocrx_word' id='word_1_41' title='bbox 1190 978 1400 1041; x_wconf 86' lang='lat' dir='ltr'>Grammatici</span> 
     </span>
     <span class='ocr_line' id='line_1_6' title="bbox 166 1073 505 1154; baseline -0.009 -16"><span class='ocrx_word' id='word_1_42' title='bbox 166 1095 238 1138; x_wconf 91' lang='lat' dir='ltr'>rem</span> <span class='ocrx_word' id='word_1_43' title='bbox 261 1073 505 1154; x_wconf 88' lang='lat' dir='ltr'>praeterierunt.</span> 
     </span>
    </p>

    <p class='ocr_par' dir='ltr' id='par_1_3' title="bbox 167 1156 1403 1779">
     <span class='ocr_line' id='line_1_7' title="bbox 214 1156 1401 1242; baseline -0.008 -17"><span class='ocrx_word' id='word_1_44' title='bbox 214 1164 250 1225; x_wconf 92' lang='lat' dir='ltr'>In</span> <span class='ocrx_word' id='word_1_45' title='bbox 284 1161 424 1224; x_wconf 91' lang='lat' dir='ltr'>Pollucis</span> <span class='ocrx_word' id='word_1_46' title='bbox 435 1161 460 1242; x_wconf 90' lang='lat' dir='ltr'>l)</span> <span class='ocrx_word' id='word_1_47' title='bbox 497 1161 537 1222; x_wconf 91' lang='lat' dir='ltr'>de</span> <span class='ocrx_word' id='word_1_48' title='bbox 572 1159 862 1240; x_wconf 90' lang='lat' dir='ltr'>provocationibus</span> <span class='ocrx_word' id='word_1_49' title='bbox 897 1159 1125 1236; x_wconf 80' lang='lat' dir='ltr'>adnotatione,</span> <span class='ocrx_word' id='word_1_50' title='bbox 1164 1177 1262 1239; x_wconf 93' lang='lat' dir='ltr'>quam</span> <span class='ocrx_word' id='word_1_51' title='bbox 1297 1156 1401 1218; x_wconf 91' lang='lat' dir='ltr'>Hudt-</span> 
     </span>
     <span class='ocr_line' id='line_1_8' title="bbox 167 1246 1402 1335; baseline -0.007 -20"><span class='ocrx_word' id='word_1_52' title='bbox 167 1249 345 1335; x_wconf 75' lang='lat' dir='ltr'>walcker2)</span> <span class='ocrx_word' id='word_1_53' title='bbox 379 1251 502 1331; x_wconf 90' lang='lat' dir='ltr'>primus</span> <span class='ocrx_word' id='word_1_54' title='bbox 527 1249 712 1330; x_wconf 81' lang='lat' dir='ltr'>explicavit,</span> <span class='ocrx_word' id='word_1_55' title='bbox 743 1251 840 1311; x_wconf 92' lang='lat' dir='ltr'>etiam</span> <span class='ocrx_word' id='word_1_56' title='bbox 864 1249 948 1312; x_wconf 87' lang='lat' dir='ltr'>haec</span> <span class='ocrx_word' id='word_1_57' title='bbox 972 1249 1143 1327; x_wconf 85' lang='lat' dir='ltr'>leguntur:</span> <span class='ocrx_word' id='word_1_58' title='bbox 1183 1246 1218 1309; x_wconf 88' lang='grc' dir='ltr'>τὸ</span> <span class='ocrx_word' id='word_1_59' title='bbox 1244 1246 1279 1309; x_wconf 86' lang='grc' dir='ltr'>δὲ</span> <span class='ocrx_word' id='word_1_60' title='bbox 1302 1269 1402 1326; x_wconf 89' lang='grc' dir='ltr'><em>παρα-</em></span> 
     </span>
     <span class='ocr_line' id='line_1_9' title="bbox 168 1336 1401 1424; baseline -0.008 -18"><span class='ocrx_word' id='word_1_61' title='bbox 168 1341 452 1424; x_wconf 82' lang='grc' dir='ltr'><em>καταβαλλόμενον</em></span> <span class='ocrx_word' id='word_1_62' title='bbox 476 1340 528 1402; x_wconf 80' lang='grc' dir='ltr'>ἐπὶ</span> <span class='ocrx_word' id='word_1_63' title='bbox 551 1343 616 1401; x_wconf 84' lang='grc' dir='ltr'>τῶν</span> <span class='ocrx_word' id='word_1_64' title='bbox 640 1340 792 1420; x_wconf 81' lang='grc' dir='ltr'><em>έφέσεων,</em></span> <span class='ocrx_word' id='word_1_65' title='bbox 816 1339 897 1418; x_wconf 87' lang='grc' dir='ltr'><em>ὅπερ</em></span> <span class='ocrx_word' id='word_1_66' title='bbox 922 1340 953 1401; x_wconf 78' lang='lat' dir='ltr'>oi</span> <span class='ocrx_word' id='word_1_67' title='bbox 968 1343 1025 1400; x_wconf 85' lang='grc' dir='ltr'>νῦν</span> <span class='ocrx_word' id='word_1_68' title='bbox 1040 1337 1241 1418; x_wconf 88' lang='grc' dir='ltr'><em>παραβόλιον</em></span> <span class='ocrx_word' id='word_1_69' title='bbox 1256 1336 1401 1406; x_wconf 83' lang='grc' dir='ltr'><em>καλοῦσι,</em></span> 
     </span>
     <span class='ocr_line' id='line_1_10' title="bbox 170 1426 1403 1512; baseline -0.007 -18"><span class='ocrx_word' id='word_1_70' title='bbox 170 1431 362 1512; x_wconf 75' lang='grc' dir='ltr'><em>παράβολον</em></span> <span class='ocrx_word' id='word_1_71' title='bbox 378 1429 590 1511; x_wconf 85' lang='grc' dir='ltr'><em>Αριστοτέλης</em></span> <span class='ocrx_word' id='word_1_72' title='bbox 606 1429 694 1508; x_wconf 80' lang='grc' dir='ltr'><strong><em>λέγει.</em></strong></span> <span class='ocrx_word' id='word_1_73' title='bbox 720 1427 849 1490; x_wconf 86' lang='lat' dir='ltr'>Hubert</span> <span class='ocrx_word' id='word_1_74' title='bbox 863 1429 975 1489; x_wconf 89' lang='lat' dir='ltr'>nescio</span> <span class='ocrx_word' id='word_1_75' title='bbox 993 1447 1057 1509; x_wconf 92' lang='lat' dir='ltr'>quo</span> <span class='ocrx_word' id='word_1_76' title='bbox 1068 1433 1178 1506; x_wconf 86' lang='lat' dir='ltr'>pacto</span> <span class='ocrx_word' id='word_1_77' title='bbox 1195 1426 1281 1486; x_wconf 83' lang='lat' dir='ltr'>hanc</span> <span class='ocrx_word' id='word_1_78' title='bbox 1298 1445 1403 1504; x_wconf 89' lang='grc' dir='ltr'><em>παρα-</em></span> 
     </span>
     <span class='ocr_line' id='line_1_11' title="bbox 171 1514 1403 1602; baseline -0.008 -19"><span class='ocrx_word' id='word_1_79' title='bbox 171 1520 355 1602; x_wconf 88' lang='grc' dir='ltr'><em>καταβολήν</em></span> <span class='ocrx_word' id='word_1_80' title='bbox 377 1518 409 1580; x_wconf 93' lang='lat' dir='ltr'>in</span> <span class='ocrx_word' id='word_1_81' title='bbox 433 1516 583 1580; x_wconf 93' lang='lat' dir='ltr'>omnibus</span> <span class='ocrx_word' id='word_1_82' title='bbox 605 1516 905 1597; x_wconf 90' lang='lat' dir='ltr'>provocationibus,</span> <span class='ocrx_word' id='word_1_83' title='bbox 938 1534 1019 1595; x_wconf 85' lang='lat' dir='ltr'>ergo</span> <span class='ocrx_word' id='word_1_84' title='bbox 1050 1515 1149 1577; x_wconf 91' lang='lat' dir='ltr'>etiam</span> <span class='ocrx_word' id='word_1_85' title='bbox 1174 1514 1332 1575; x_wconf 87' lang='lat' dir='ltr'>adversus</span> <span class='ocrx_word' id='word_1_86' title='bbox 1357 1532 1403 1573; x_wconf 87' lang='lat' dir='ltr'>ar-</span> 
     </span>
     <span class='ocr_line' id='line_1_12' title="bbox 170 1602 1403 1686; baseline -0.008 -14"><span class='ocrx_word' id='word_1_87' title='bbox 170 1609 275 1672; x_wconf 91' lang='lat' dir='ltr'>bitros</span> <span class='ocrx_word' id='word_1_88' title='bbox 298 1604 402 1683; x_wconf 86' lang='lat' dir='ltr'>factis,</span> <span class='ocrx_word' id='word_1_89' title='bbox 426 1607 579 1669; x_wconf 89' lang='lat' dir='ltr'>usitatam</span> <span class='ocrx_word' id='word_1_90' title='bbox 611 1604 765 1686; x_wconf 81' lang='lat' dir='ltr'>neglexit.</span> <span class='ocrx_word' id='word_1_91' title='bbox 806 1604 908 1685; x_wconf 86' lang='lat' dir='ltr'>Apud</span> <span class='ocrx_word' id='word_1_92' title='bbox 933 1602 1146 1666; x_wconf 84' lang='lat' dir='ltr'>Aristotelem</span> <span class='ocrx_word' id='word_1_93' title='bbox 1178 1623 1256 1664; x_wconf 91' lang='lat' dir='ltr'>vero</span> <span class='ocrx_word' id='word_1_94' title='bbox 1281 1620 1403 1664; x_wconf 92' lang='lat' dir='ltr'>nomen</span> 
     </span>
     <span class='ocr_line' id='line_1_13' title="bbox 172 1688 1159 1779; baseline -0.007 -19"><span class='ocrx_word' id='word_1_95' title='bbox 172 1698 362 1779; x_wconf 80' lang='grc' dir='ltr'><em>παράβολον</em></span> <span class='ocrx_word' id='word_1_96' title='bbox 400 1716 466 1759; x_wconf 92' lang='lat' dir='ltr'>non</span> <span class='ocrx_word' id='word_1_97' title='bbox 498 1695 612 1763; x_wconf 82' lang='lat' dir='ltr'>inveni,</span> <span class='ocrx_word' id='word_1_98' title='bbox 660 1694 720 1776; x_wconf 86' lang='lat' dir='ltr'>(Cl.</span> <span class='ocrx_word' id='word_1_99' title='bbox 745 1695 869 1768; x_wconf 88' lang='lat' dir='ltr'>Bonitz‚</span> <span class='ocrx_word' id='word_1_100' title='bbox 901 1693 971 1755; x_wconf 92' lang='lat' dir='ltr'>Ind.</span> <span class='ocrx_word' id='word_1_101' title='bbox 1007 1688 1159 1775; x_wconf 86' lang='lat' dir='ltr'>Aristot.)</span> 
     </span>
    </p>
   </div>
   <div class='ocr_carea' id='block_1_3' title="bbox 744 1979 839 2057">
    <p class='ocr_par' dir='ltr' id='par_1_4' title="bbox 744 1979 839 2057">
     <span class='ocr_line' id='line_1_14' title="bbox 744 1979 839 2057; baseline 0.042 -18"><span class='ocrx_word' id='word_1_102' title='bbox 744 1982 760 2057; x_wconf 61' lang='grc' dir='ltr'><em>η</em></span> <span class='ocrx_word' id='word_1_103' title='bbox 789 1979 839 2044; x_wconf 82' lang='lat'>12.</span> 
     </span>
    </p>
   </div>
   <div class='ocr_carea' id='block_1_4' title="bbox 175 2167 1406 2366">
    <p class='ocr_par' dir='ltr' id='par_1_5' title="bbox 175 2167 1406 2366">
     <span class='ocr_line' id='line_1_15' title="bbox 175 2167 1406 2260; baseline -0.006 -16"><span class='ocrx_word' id='word_1_104' title='bbox 175 2169 238 2244; x_wconf 89' lang='lat' dir='ltr'>De</span> <span class='ocrx_word' id='word_1_105' title='bbox 257 2167 330 2242; x_wconf 94' lang='lat' dir='ltr'>XL</span> <span class='ocrx_word' id='word_1_106' title='bbox 357 2170 543 2241; x_wconf 91' lang='lat' dir='ltr'>virorum</span> <span class='ocrx_word' id='word_1_107' title='bbox 573 2174 615 2241; x_wconf 89' lang='lat' dir='ltr'>et</span> <span class='ocrx_word' id='word_1_108' title='bbox 643 2167 893 2242; x_wconf 89' lang='lat' dir='ltr'>arbitrorum</span> <span class='ocrx_word' id='word_1_109' title='bbox 919 2169 1193 2241; x_wconf 88' lang='lat' dir='ltr'>institutionis</span> <span class='ocrx_word' id='word_1_110' title='bbox 1218 2171 1406 2260; x_wconf 88' lang='lat' dir='ltr'>tempore</span> 
     </span>
     <span class='ocr_line' id='line_1_16' title="bbox 391 2293 1191 2366; baseline -0.001 0"><span class='ocrx_word' id='word_1_111' title='bbox 391 2299 433 2366; x_wconf 91' lang='lat' dir='ltr'>et</span> <span class='ocrx_word' id='word_1_112' title='bbox 461 2293 511 2366; x_wconf 91' lang='lat' dir='ltr'>de</span> <span class='ocrx_word' id='word_1_113' title='bbox 540 2294 725 2366; x_wconf 91' lang='lat' dir='ltr'>muneris</span> <span class='ocrx_word' id='word_1_114' title='bbox 746 2313 890 2365; x_wconf 90' lang='lat' dir='ltr'>eorum</span> <span class='ocrx_word' id='word_1_115' title='bbox 909 2293 1191 2365; x_wconf 78' lang='lat' dir='ltr'>incrementis,</span> 
     </span>
    </p>
   </div>
   <div class='ocr_carea' id='block_1_5' title="bbox 174 2493 1416 4090">
    <p class='ocr_par' dir='ltr' id='par_1_6' title="bbox 174 2493 1413 3644">
     <span class='ocr_line' id='line_1_17' title="bbox 222 2493 1403 2576; baseline -0.001 -21"><span class='ocrx_word' id='word_1_116' title='bbox 222 2494 316 2575; x_wconf 83' lang='lat' dir='ltr'>Quae</span> <span class='ocrx_word' id='word_1_117' title='bbox 332 2494 440 2556; x_wconf 91' lang='lat' dir='ltr'>adhuc</span> <span class='ocrx_word' id='word_1_118' title='bbox 457 2493 498 2555; x_wconf 91' lang='lat' dir='ltr'>de</span> <span class='ocrx_word' id='word_1_119' title='bbox 513 2493 576 2555; x_wconf 92' lang='lat' dir='ltr'>XL</span> <span class='ocrx_word' id='word_1_120' title='bbox 591 2493 666 2555; x_wconf 89' lang='lat' dir='ltr'>viris</span> <span class='ocrx_word' id='word_1_121' title='bbox 679 2495 843 2574; x_wconf 87' lang='lat' dir='ltr'>cognitum</span> <span class='ocrx_word' id='word_1_122' title='bbox 860 2493 1070 2568; x_wconf 77' lang='lat' dir='ltr'>habebamus,</span> <span class='ocrx_word' id='word_1_123' title='bbox 1088 2495 1265 2557; x_wconf 88' lang='lat' dir='ltr'>maximam</span> <span class='ocrx_word' id='word_1_124' title='bbox 1276 2502 1403 2576; x_wconf 89' lang='lat' dir='ltr'>partem</span> 
     </span>
     <span class='ocr_line' id='line_1_18' title="bbox 175 2580 1403 2667; baseline -0.001 -22"><span class='ocrx_word' id='word_1_125' title='bbox 175 2603 193 2645; x_wconf 90' lang='lat' dir='ltr'>e</span> <span class='ocrx_word' id='word_1_126' title='bbox 218 2583 435 2666; x_wconf 86' lang='lat' dir='ltr'>grammaticis</span> <span class='ocrx_word' id='word_1_127' title='bbox 445 2580 469 2667; x_wconf 82' lang='lat'>³)</span> <span class='ocrx_word' id='word_1_128' title='bbox 492 2581 609 2645; x_wconf 89' lang='lat' dir='ltr'>hausta</span> <span class='ocrx_word' id='word_1_129' title='bbox 625 2591 725 2646; x_wconf 88' lang='lat' dir='ltr'>erant.</span> <span class='ocrx_word' id='word_1_130' title='bbox 750 2584 844 2645; x_wconf 92' lang='lat' dir='ltr'>Nunc</span> <span class='ocrx_word' id='word_1_131' title='bbox 860 2582 933 2646; x_wconf 81' lang='lat' dir='ltr'>fons</span> <span class='ocrx_word' id='word_1_132' title='bbox 957 2584 1253 2664; x_wconf 83' lang='lat' dir='ltr'>grammaticorum,</span> <span class='ocrx_word' id='word_1_133' title='bbox 1278 2582 1403 2645; x_wconf 87' lang='lat' dir='ltr'>Aristo·</span> 
     </span>
     <span class='ocr_line' id='line_1_19' title="bbox 174 2670 1403 2755; baseline -0.003 -19"><span class='ocrx_word' id='word_1_134' title='bbox 174 2673 248 2736; x_wconf 87' lang='lat' dir='ltr'>telis</span> <span class='ocrx_word' id='word_1_135' title='bbox 272 2673 312 2734; x_wconf 93' lang='lat' dir='ltr'>de</span> <span class='ocrx_word' id='word_1_136' title='bbox 336 2681 442 2734; x_wconf 88' lang='lat' dir='ltr'>const.</span> <span class='ocrx_word' id='word_1_137' title='bbox 460 2671 540 2735; x_wconf 86' lang='lat' dir='ltr'>Ath.</span> <span class='ocrx_word' id='word_1_138' title='bbox 558 2670 648 2752; x_wconf 84' lang='lat' dir='ltr'>liber,</span> <span class='ocrx_word' id='word_1_139' title='bbox 672 2681 818 2753; x_wconf 86' lang='lat' dir='ltr'>repertus</span> <span class='ocrx_word' id='word_1_140' title='bbox 834 2681 896 2735; x_wconf 91' lang='lat' dir='ltr'>est.</span> <span class='ocrx_word' id='word_1_141' title='bbox 921 2673 951 2734; x_wconf 90' lang='lat' dir='ltr'>Is</span> <span class='ocrx_word' id='word_1_142' title='bbox 968 2673 1050 2734; x_wconf 89' lang='lat' dir='ltr'>haec</span> <span class='ocrx_word' id='word_1_143' title='bbox 1066 2672 1222 2752; x_wconf 89' lang='lat' dir='ltr'>praebet:</span> <span class='ocrx_word' id='word_1_144' title='bbox 1247 2674 1403 2755; x_wconf 77' lang='grc' dir='ltr'><em>πληροῦσι</em></span> 
     </span>
     <span class='ocr_line' id='line_1_20' title="bbox 175 2761 1404 2846; baseline -0.001 -21"><span class='ocrx_word' id='word_1_145' title='bbox 175 2763 209 2825; x_wconf 87' lang='grc' dir='ltr'>δὲ</span> <span class='ocrx_word' id='word_1_146' title='bbox 233 2763 286 2824; x_wconf 84' lang='grc' dir='ltr'>καὶ</span> <span class='ocrx_word' id='word_1_147' title='bbox 305 2761 380 2830; x_wconf 86' lang='grc' dir='ltr'><em>τοὺς</em></span> <span class='ocrx_word' id='word_1_148' title='bbox 395 2762 630 2841; x_wconf 86' lang='grc' dir='ltr'><em>τετταράκοντα,</em></span> <span class='ocrx_word' id='word_1_149' title='bbox 655 2762 803 2841; x_wconf 83' lang='grc' dir='ltr'><em>τέτταρας</em></span> <span class='ocrx_word' id='word_1_150' title='bbox 826 2763 862 2824; x_wconf 88' lang='grc' dir='ltr'>έκ</span> <span class='ocrx_word' id='word_1_151' title='bbox 878 2769 933 2844; x_wconf 80' lang='grc' dir='ltr'>τῆς</span> <span class='ocrx_word' id='word_1_152' title='bbox 956 2763 1061 2843; x_wconf 80' lang='grc' dir='ltr'><strong><em>φυλῆς</em></strong></span> <span class='ocrx_word' id='word_1_153' title='bbox 1084 2763 1229 2846; x_wconf 81' lang='grc' dir='ltr'><em>ἑκάστης,</em></span> <span class='ocrx_word' id='word_1_154' title='bbox 1247 2763 1330 2843; x_wconf 87' lang='grc' dir='ltr'><em>πρὸς</em></span> <span class='ocrx_word' id='word_1_155' title='bbox 1347 2764 1404 2830; x_wconf 78' lang='grc' dir='ltr'>οὓς</span> 
     </span>
     <span class='ocr_line' id='line_1_21' title="bbox 175 2850 1413 2934; baseline -0.002 -20"><span class='ocrx_word' id='word_1_156' title='bbox 175 2851 230 2920; x_wconf 84' lang='grc' dir='ltr'>τὰς</span> <span class='ocrx_word' id='word_1_157' title='bbox 254 2851 351 2919; x_wconf 80' lang='grc' dir='ltr'><em>ἄλλος</em></span> <span class='ocrx_word' id='word_1_158' title='bbox 374 2851 466 2919; x_wconf 86' lang='grc' dir='ltr'><em>δίκας</em></span> <span class='ocrx_word' id='word_1_159' title='bbox 491 2851 774 2931; x_wconf 84' lang='grc' dir='ltr'><em>λαγχάνουσιν·οΐ</em></span> <span class='ocrx_word' id='word_1_160' title='bbox 793 2851 951 2931; x_wconf 88' lang='grc' dir='ltr'><em>πρότερον</em></span> <span class='ocrx_word' id='word_1_161' title='bbox 972 2851 1039 2934; x_wconf 85' lang='grc' dir='ltr'>μὴν</span> <span class='ocrx_word' id='word_1_162' title='bbox 1062 2850 1143 2932; x_wconf 81' lang='grc' dir='ltr'><em>ἦσαν</em></span> <span class='ocrx_word' id='word_1_163' title='bbox 1165 2854 1333 2932; x_wconf 88' lang='grc' dir='ltr'><em>τριάκοντα</em></span> <span class='ocrx_word' id='word_1_164' title='bbox 1350 2851 1413 2912; x_wconf 86' lang='grc' dir='ltr'><em>καί.</em></span> 
     </span>
     <span class='ocr_line' id='line_1_22' title="bbox 175 2939 1404 3022; baseline -0.001 -20"><span class='ocrx_word' id='word_1_165' title='bbox 175 2940 256 3003; x_wconf 83' lang='grc' dir='ltr'><em>κατὰ</em></span> <span class='ocrx_word' id='word_1_166' title='bbox 280 2940 407 3022; x_wconf 82' lang='grc' dir='ltr'><em>δήμους</em></span> <span class='ocrx_word' id='word_1_167' title='bbox 430 2940 601 3020; x_wconf 81' lang='grc' dir='ltr'><em>περιιόντες</em></span> <span class='ocrx_word' id='word_1_168' title='bbox 632 2939 796 3016; x_wconf 79' lang='grc' dir='ltr'><em>ἐδίκαζον,</em></span> <span class='ocrx_word' id='word_1_169' title='bbox 828 2940 907 3022; x_wconf 82' lang='grc' dir='ltr'><em>μετὰ</em></span> <span class='ocrx_word' id='word_1_170' title='bbox 935 2939 970 3002; x_wconf 85' lang='grc' dir='ltr'>δέ</span> <span class='ocrx_word' id='word_1_171' title='bbox 992 2942 1049 3022; x_wconf 81' lang='grc' dir='ltr'>τὴν</span> <span class='ocrx_word' id='word_1_172' title='bbox 1073 2940 1123 3002; x_wconf 79' lang='grc' dir='ltr'>ἐπὶ</span> <span class='ocrx_word' id='word_1_173' title='bbox 1146 2946 1212 3003; x_wconf 85' lang='grc' dir='ltr'>τῶν</span> <span class='ocrx_word' id='word_1_174' title='bbox 1234 2942 1404 3022; x_wconf 87' lang='grc' dir='ltr'><em>τριάκοντα</em></span> 
     </span>
     <span class='ocr_line' id='line_1_23' title="bbox 177 3028 1406 3110; baseline -0.002 -18"><span class='ocrx_word' id='word_1_175' title='bbox 177 3030 358 3110; x_wconf 87' lang='grc' dir='ltr'><em>ὀλιγαρχίαν</em></span> <span class='ocrx_word' id='word_1_176' title='bbox 380 3031 609 3109; x_wconf 86' lang='grc' dir='ltr'><em>τετταράκοντα</em></span> <span class='ocrx_word' id='word_1_177' title='bbox 637 3029 808 3108; x_wconf 86' lang='grc' dir='ltr'><em>γεγόνασιν.</em></span> <span class='ocrx_word' id='word_1_178' title='bbox 856 3030 889 3093; x_wconf 84' lang='lat' dir='ltr'>Si</span> <span class='ocrx_word' id='word_1_179' title='bbox 920 3029 1227 3110; x_wconf 83' lang='lat' dir='ltr'>Harpocrationem,</span> <span class='ocrx_word' id='word_1_180' title='bbox 1252 3030 1306 3110; x_wconf 93' lang='lat' dir='ltr'>qui</span> <span class='ocrx_word' id='word_1_181' title='bbox 1334 3028 1406 3090; x_wconf 89' lang='lat' dir='ltr'>Ari-</span> 
     </span>
     <span class='ocr_line' id='line_1_24' title="bbox 176 3116 1406 3198; baseline -0.003 -16"><span class='ocrx_word' id='word_1_182' title='bbox 176 3118 329 3182; x_wconf 88' lang='lat' dir='ltr'>stotelem</span> <span class='ocrx_word' id='word_1_183' title='bbox 354 3126 519 3180; x_wconf 87' lang='lat' dir='ltr'>auctorem</span> <span class='ocrx_word' id='word_1_184' title='bbox 551 3117 705 3194; x_wconf 88' lang='lat' dir='ltr'>nominat,</span> <span class='ocrx_word' id='word_1_185' title='bbox 742 3137 815 3179; x_wconf 92' lang='lat' dir='ltr'>cum</span> <span class='ocrx_word' id='word_1_186' title='bbox 847 3120 920 3198; x_wconf 91' lang='lat' dir='ltr'>ipso</span> <span class='ocrx_word' id='word_1_187' title='bbox 952 3116 1133 3180; x_wconf 88' lang='lat' dir='ltr'>Aristotele</span> <span class='ocrx_word' id='word_1_188' title='bbox 1165 3137 1406 3198; x_wconf 77' lang='lat' dir='ltr'>comparamus„</span> 
     </span>
     <span class='ocr_line' id='line_1_25' title="bbox 177 3207 1406 3289; baseline -0.001 -21"><span class='ocrx_word' id='word_1_189' title='bbox 177 3208 276 3270; x_wconf 88' lang='lat' dir='ltr'>verba</span> <span class='ocrx_word' id='word_1_190' title='bbox 299 3207 381 3289; x_wconf 85' lang='grc' dir='ltr'><em>μετὰ</em></span> <span class='ocrx_word' id='word_1_191' title='bbox 395 3207 431 3269; x_wconf 85' lang='grc' dir='ltr'>δὲ</span> <span class='ocrx_word' id='word_1_192' title='bbox 445 3207 502 3288; x_wconf 82' lang='grc' dir='ltr'>τὴν</span> <span class='ocrx_word' id='word_1_193' title='bbox 517 3212 582 3268; x_wconf 83' lang='grc' dir='ltr'>τῶν</span> <span class='ocrx_word' id='word_1_194' title='bbox 598 3208 765 3287; x_wconf 84' lang='grc' dir='ltr'><em>τριάκοντα</em></span> <span class='ocrx_word' id='word_1_195' title='bbox 789 3208 970 3288; x_wconf 84' lang='grc' dir='ltr'><em>ὀλιγαρχίαν</em></span> <span class='ocrx_word' id='word_1_196' title='bbox 991 3207 1218 3288; x_wconf 90' lang='grc' dir='ltr'><em>τετταράκοντα</em></span> <span class='ocrx_word' id='word_1_197' title='bbox 1243 3208 1406 3287; x_wconf 85' lang='grc' dir='ltr'><em>γεγόνασιν</em></span> 
     </span>
     <span class='ocr_line' id='line_1_26' title="bbox 178 3295 1405 3377; baseline -0.002 -18"><span class='ocrx_word' id='word_1_198' title='bbox 178 3297 265 3376; x_wconf 92' lang='lat' dir='ltr'>apud</span> <span class='ocrx_word' id='word_1_199' title='bbox 289 3295 375 3358; x_wconf 93' lang='lat' dir='ltr'>illum</span> <span class='ocrx_word' id='word_1_200' title='bbox 394 3295 628 3362; x_wconf 84' lang='lat' dir='ltr'>desideramus,</span> <span class='ocrx_word' id='word_1_201' title='bbox 653 3295 716 3357; x_wconf 90' lang='lat' dir='ltr'>Pro</span> <span class='ocrx_word' id='word_1_202' title='bbox 732 3297 778 3357; x_wconf 89' lang='lat' dir='ltr'>eis</span> <span class='ocrx_word' id='word_1_203' title='bbox 801 3295 878 3357; x_wconf 92' lang='lat' dir='ltr'>nihil</span> <span class='ocrx_word' id='word_1_204' title='bbox 902 3296 961 3357; x_wconf 91' lang='lat' dir='ltr'>nisi</span> <span class='ocrx_word' id='word_1_205' title='bbox 986 3297 1048 3360; x_wconf 84' lang='grc' dir='ltr'><em>εἶτα</em></span> <span class='ocrx_word' id='word_1_206' title='bbox 1072 3298 1238 3377; x_wconf 89' lang='lat' dir='ltr'>supponit,</span> <span class='ocrx_word' id='word_1_207' title='bbox 1264 3316 1405 3358; x_wconf 91' lang='lat' dir='ltr'>summa-</span> 
     </span>
     <span class='ocr_line' id='line_1_27' title="bbox 178 3384 1407 3466; baseline -0.001 -19"><span class='ocrx_word' id='word_1_208' title='bbox 178 3387 234 3448; x_wconf 93' lang='lat' dir='ltr'>tim</span> <span class='ocrx_word' id='word_1_209' title='bbox 259 3386 367 3446; x_wconf 92' lang='lat' dir='ltr'>locum</span> <span class='ocrx_word' id='word_1_210' title='bbox 391 3384 591 3452; x_wconf 77' lang='lat' dir='ltr'>exscribens</span> <span class='ocrx_word' id='word_1_211' title='bbox 624 3384 739 3446; x_wconf 91' lang='lat' dir='ltr'>Pollux</span> <span class='ocrx_word' id='word_1_212' title='bbox 762 3405 840 3448; x_wconf 87' lang='lat' dir='ltr'>vero</span> <span class='ocrx_word' id='word_1_213' title='bbox 864 3405 929 3447; x_wconf 91' lang='lat' dir='ltr'>non</span> <span class='ocrx_word' id='word_1_214' title='bbox 953 3394 1126 3448; x_wconf 88' lang='lat' dir='ltr'>contentus</span> <span class='ocrx_word' id='word_1_215' title='bbox 1150 3387 1205 3457; x_wconf 89' lang='lat' dir='ltr'>eis,</span> <span class='ocrx_word' id='word_1_216' title='bbox 1230 3404 1312 3466; x_wconf 88' lang='lat' dir='ltr'>quae</span> <span class='ocrx_word' id='word_1_217' title='bbox 1335 3385 1407 3447; x_wconf 89' lang='lat' dir='ltr'>Ari-</span> 
     </span>
     <span class='ocr_line' id='line_1_28' title="bbox 179 3473 1407 3554; baseline -0.002 -17"><span class='ocrx_word' id='word_1_218' title='bbox 179 3474 315 3537; x_wconf 90' lang='lat' dir='ltr'>stoteles</span> <span class='ocrx_word' id='word_1_219' title='bbox 345 3474 454 3549; x_wconf 86' lang='lat' dir='ltr'>tradit,</span> <span class='ocrx_word' id='word_1_220' title='bbox 479 3493 610 3535; x_wconf 89' lang='lat' dir='ltr'>causam</span> <span class='ocrx_word' id='word_1_221' title='bbox 641 3473 847 3536; x_wconf 78' lang='lat' dir='ltr'>manifestam</span> <span class='ocrx_word' id='word_1_222' title='bbox 867 3474 966 3554; x_wconf 87' lang='lat' dir='ltr'>addit,</span> <span class='ocrx_word' id='word_1_223' title='bbox 993 3494 1050 3536; x_wconf 90' lang='lat' dir='ltr'>cur</span> <span class='ocrx_word' id='word_1_224' title='bbox 1074 3474 1171 3537; x_wconf 91' lang='lat' dir='ltr'>XXX</span> <span class='ocrx_word' id='word_1_225' title='bbox 1186 3474 1328 3536; x_wconf 92' lang='lat' dir='ltr'>virorum</span> <span class='ocrx_word' id='word_1_226' title='bbox 1352 3493 1407 3534; x_wconf 92' lang='lat' dir='ltr'>nu·</span> 
     </span>
     <span class='ocr_line' id='line_1_29' title="bbox 180 3563 1141 3644; baseline 0.002 -20"><span class='ocrx_word' id='word_1_227' title='bbox 180 3583 286 3626; x_wconf 91' lang='lat' dir='ltr'>merus</span> <span class='ocrx_word' id='word_1_228' title='bbox 310 3571 423 3625; x_wconf 88' lang='lat' dir='ltr'>auctus</span> <span class='ocrx_word' id='word_1_229' title='bbox 447 3563 505 3624; x_wconf 88' lang='lat' dir='ltr'>sit:</span> <span class='ocrx_word' id='word_1_230' title='bbox 529 3564 613 3644; x_wconf 89' lang='grc' dir='ltr'><em>μίσει</em></span> <span class='ocrx_word' id='word_1_231' title='bbox 635 3569 692 3625; x_wconf 86' lang='grc' dir='ltr'>τοῦ</span> <span class='ocrx_word' id='word_1_232' title='bbox 716 3563 858 3644; x_wconf 71' lang='grc' dir='ltr'><em>ἀριθμοῦ</em></span> <span class='ocrx_word' id='word_1_233' title='bbox 881 3569 938 3626; x_wconf 84' lang='grc' dir='ltr'>τοῦ</span> <span class='ocrx_word' id='word_1_234' title='bbox 961 3564 1141 3643; x_wconf 87' lang='grc' dir='ltr'><em>τριάκοντα.</em></span> 
     </span>
    </p>

    <p class='ocr_par' dir='ltr' id='par_1_7' title="bbox 180 3651 1416 4090">
     <span class='ocr_line' id='line_1_30' title="bbox 224 3651 1416 3732; baseline 0.001 -17"><span class='ocrx_word' id='word_1_235' title='bbox 224 3651 300 3732; x_wconf 77' lang='lat' dir='ltr'>Quo</span> <span class='ocrx_word' id='word_1_236' title='bbox 329 3671 406 3713; x_wconf 91' lang='lat' dir='ltr'>vero</span> <span class='ocrx_word' id='word_1_237' title='bbox 429 3659 580 3732; x_wconf 90' lang='lat' dir='ltr'>tempore</span> <span class='ocrx_word' id='word_1_238' title='bbox 603 3660 637 3715; x_wconf 89' lang='lat' dir='ltr'>et</span> <span class='ocrx_word' id='word_1_239' title='bbox 659 3672 679 3713; x_wconf 92' lang='lat' dir='ltr'>a</span> <span class='ocrx_word' id='word_1_240' title='bbox 702 3671 768 3732; x_wconf 89' lang='lat' dir='ltr'>quo</span> <span class='ocrx_word' id='word_1_241' title='bbox 791 3672 951 3732; x_wconf 87' lang='lat' dir='ltr'>pagorum</span> <span class='ocrx_word' id='word_1_242' title='bbox 982 3652 1104 3714; x_wconf 88' lang='lat' dir='ltr'>iudices</span> <span class='ocrx_word' id='word_1_243' title='bbox 1128 3652 1262 3714; x_wconf 91' lang='lat' dir='ltr'>instituti</span> <span class='ocrx_word' id='word_1_244' title='bbox 1286 3658 1416 3730; x_wconf 86' lang='lat' dir='ltr'>essent‚.</span> 
     </span>
     <span class='ocr_line' id='line_1_31' title="bbox 180 3741 1408 3822; baseline -0.002 -19"><span class='ocrx_word' id='word_1_245' title='bbox 180 3761 245 3803; x_wconf 89' lang='lat' dir='ltr'>non</span> <span class='ocrx_word' id='word_1_246' title='bbox 269 3744 375 3804; x_wconf 93' lang='lat' dir='ltr'>minus</span> <span class='ocrx_word' id='word_1_247' title='bbox 399 3741 554 3802; x_wconf 88' lang='lat' dir='ltr'>incertum</span> <span class='ocrx_word' id='word_1_248' title='bbox 579 3749 666 3815; x_wconf 89' lang='lat' dir='ltr'>erat,</span> <span class='ocrx_word' id='word_1_249' title='bbox 701 3761 798 3822; x_wconf 92' lang='lat' dir='ltr'>quam</span> <span class='ocrx_word' id='word_1_250' title='bbox 830 3741 1020 3803; x_wconf 86' lang='lat' dir='ltr'>arbitrorum</span> <span class='ocrx_word' id='word_1_251' title='bbox 1044 3741 1253 3804; x_wconf 89' lang='lat' dir='ltr'>institutionis</span> <span class='ocrx_word' id='word_1_252' title='bbox 1276 3749 1408 3821; x_wconf 90' lang='lat' dir='ltr'>tempus</span> 
     </span>
     <span class='ocr_line' id='line_1_32' title="bbox 181 3829 1407 3912; baseline -0.002 -20"><span class='ocrx_word' id='word_1_253' title='bbox 181 3832 277 3894; x_wconf 90' lang='lat' dir='ltr'>ctiam</span> <span class='ocrx_word' id='word_1_254' title='bbox 302 3831 401 3894; x_wconf 91' lang='lat' dir='ltr'>hodie</span> <span class='ocrx_word' id='word_1_255' title='bbox 426 3839 485 3892; x_wconf 77' lang='lat' dir='ltr'>est.</span> <span class='ocrx_word' id='word_1_256' title='bbox 512 3829 594 3910; x_wconf 83' lang='lat' dir='ltr'>Quis</span> <span class='ocrx_word' id='word_1_257' title='bbox 617 3837 726 3891; x_wconf 88' lang='lat' dir='ltr'>autem</span> <span class='ocrx_word' id='word_1_258' title='bbox 751 3850 817 3891; x_wconf 93' lang='lat' dir='ltr'>non</span> <span class='ocrx_word' id='word_1_259' title='bbox 841 3833 980 3907; x_wconf 86' lang='lat' dir='ltr'>miratur,</span> <span class='ocrx_word' id='word_1_260' title='bbox 1006 3832 1096 3912; x_wconf 94' lang='lat' dir='ltr'>quod</span> <span class='ocrx_word' id='word_1_261' title='bbox 1121 3830 1318 3893; x_wconf 89' lang='lat' dir='ltr'>Aristotcles</span> <span class='ocrx_word' id='word_1_262' title='bbox 1341 3837 1407 3891; x_wconf 92' lang='lat' dir='ltr'>tam</span> 
     </span>
     <span class='ocr_line' id='line_1_33' title="bbox 180 3918 1409 4001; baseline -0.002 -20"><span class='ocrx_word' id='word_1_263' title='bbox 180 3929 333 3983; x_wconf 89' lang='lat' dir='ltr'>accurate</span> <span class='ocrx_word' id='word_1_264' title='bbox 356 3921 399 3980; x_wconf 94' lang='lat' dir='ltr'>ad</span> <span class='ocrx_word' id='word_1_265' title='bbox 422 3918 507 3981; x_wconf 91' lang='lat' dir='ltr'>illam</span> <span class='ocrx_word' id='word_1_266' title='bbox 533 3919 756 4001; x_wconf 90' lang='lat' dir='ltr'>quaestionem</span> <span class='ocrx_word' id='word_1_267' title='bbox 780 3918 975 3999; x_wconf 77' lang='lat' dir='ltr'>respondet!</span> <span class='ocrx_word' id='word_1_268' title='bbox 1014 3921 1100 3982; x_wconf 89' lang='lat' dir='ltr'>Nam</span> <span class='ocrx_word' id='word_1_269' title='bbox 1130 3920 1213 3981; x_wconf 88' lang='lat' dir='ltr'>inter</span> <span class='ocrx_word' id='word_1_270' title='bbox 1236 3920 1409 3981; x_wconf 92' lang='lat' dir='ltr'>vehemen-</span> 
     </span>
     <span class='ocr_line' id='line_1_34' title="bbox 180 4008 1411 4090; baseline -0.003 -19"><span class='ocrx_word' id='word_1_271' title='bbox 180 4009 321 4071; x_wconf 89' lang='lat' dir='ltr'>tissimas</span> <span class='ocrx_word' id='word_1_272' title='bbox 345 4008 483 4088; x_wconf 89' lang='lat' dir='ltr'>partium</span> <span class='ocrx_word' id='word_1_273' title='bbox 507 4008 682 4070; x_wconf 91' lang='lat' dir='ltr'>seditiones</span> <span class='ocrx_word' id='word_1_274' title='bbox 699 4016 733 4070; x_wconf 90' lang='lat' dir='ltr'>et</span> <span class='ocrx_word' id='word_1_275' title='bbox 748 4009 955 4089; x_wconf 87' lang='lat' dir='ltr'>gravissimas</span> <span class='ocrx_word' id='word_1_276' title='bbox 977 4028 1083 4072; x_wconf 87' lang='lat' dir='ltr'>rerum</span> <span class='ocrx_word' id='word_1_277' title='bbox 1100 4008 1302 4090; x_wconf 87' lang='lat' dir='ltr'>publicarum</span> <span class='ocrx_word' id='word_1_278' title='bbox 1320 4026 1411 4068; x_wconf 91' lang='lat' dir='ltr'>com-</span> 
     </span>
    </p>
   </div>
   <div class='ocr_carea' id='block_1_6' title="bbox 185 4169 345 4177">
    <p class='ocr_par' dir='ltr' id='par_1_8' title="bbox 185 4169 345 4177">
     <span class='ocr_line' id='line_1_35' title="bbox 185 4169 345 4177; baseline -0.013 -1"><span class='ocrx_word' id='word_1_279' title='bbox 185 4169 345 4177; x_wconf 54' lang='grc'>*-</span> 
     </span>
    </p>
   </div>
   <div class='ocr_carea' id='block_1_7' title="bbox 218 4253 427 4418">
    <p class='ocr_par' dir='ltr' id='par_1_9' title="bbox 218 4253 427 4418">
     <span class='ocr_line' id='line_1_36' title="bbox 218 4253 427 4323; baseline 0.014 -19"><span class='ocrx_word' id='word_1_280' title='bbox 218 4255 242 4323; x_wconf 79' lang='lat'>1)</span> <span class='ocrx_word' id='word_1_281' title='bbox 263 4257 337 4318; x_wconf 83' lang='lat' dir='ltr'>vm,</span> <span class='ocrx_word' id='word_1_282' title='bbox 356 4253 427 4321; x_wconf 70' lang='lat' dir='ltr'>nasa.</span> 
     </span>
     <span class='ocr_line' id='line_1_37' title="bbox 219 4350 414 4418; baseline 0 -16"><span class='ocrx_word' id='word_1_283' title='bbox 219 4350 242 4416; x_wconf 71' lang='lat'>2)</span> <span class='ocrx_word' id='word_1_284' title='bbox 261 4370 286 4418; x_wconf 89' lang='lat' dir='ltr'>p.</span> <span class='ocrx_word' id='word_1_285' title='bbox 309 4354 357 4402; x_wconf 80' lang='grc'>119</span> <span class='ocrx_word' id='word_1_286' title='bbox 377 4369 414 4418; x_wconf 90' lang='lat' dir='ltr'>sq.</span> 
     </span>
    </p>
   </div>
   <div class='ocr_carea' id='block_1_8' title="bbox 184 4444 1420 4589">
    <p class='ocr_par' dir='ltr' id='par_1_10' title="bbox 184 4444 1420 4589">
     <span class='ocr_line' id='line_1_38' title="bbox 222 4444 1420 4517; baseline 0.003 -19"><span class='ocrx_word' id='word_1_287' title='bbox 222 4444 242 4513; x_wconf 82' lang='lat'>⁸)</span> <span class='ocrx_word' id='word_1_288' title='bbox 262 4450 351 4499; x_wconf 90' lang='lat' dir='ltr'>Pollux</span> <span class='ocrx_word' id='word_1_289' title='bbox 370 4451 444 4512; x_wconf 87' lang='lat' dir='ltr'>VIII,</span> <span class='ocrx_word' id='word_1_290' title='bbox 461 4449 519 4502; x_wconf 88' lang='lat'>100.</span> <span class='ocrx_word' id='word_1_291' title='bbox 539 4451 666 4514; x_wconf 83' lang='lat' dir='ltr'>Harpocr.</span> <span class='ocrx_word' id='word_1_292' title='bbox 686 4468 707 4504; x_wconf 83' lang='lat' dir='ltr'>s.</span> <span class='ocrx_word' id='word_1_293' title='bbox 720 4469 743 4503; x_wconf 92' lang='lat' dir='ltr'>v.</span> <span class='ocrx_word' id='word_1_294' title='bbox 763 4449 829 4502; x_wconf 86' lang='grc' dir='ltr'><em>κατὰ</em></span> <span class='ocrx_word' id='word_1_295' title='bbox 857 4449 956 4517; x_wconf 81' lang='grc' dir='ltr'><em>δήμους</em></span> <span class='ocrx_word' id='word_1_296' title='bbox 976 4450 1110 4508; x_wconf 88' lang='grc' dir='ltr'><em>δικαστάς.</em></span> <span class='ocrx_word' id='word_1_297' title='bbox 1142 4453 1217 4502; x_wconf 89' lang='lat' dir='ltr'>Phot.</span> <span class='ocrx_word' id='word_1_298' title='bbox 1245 4468 1264 4500; x_wconf 83' lang='lat' dir='ltr'>s.</span> <span class='ocrx_word' id='word_1_299' title='bbox 1285 4469 1308 4505; x_wconf 85' lang='lat' dir='ltr'>v.</span> <span class='ocrx_word' id='word_1_300' title='bbox 1328 4470 1420 4502; x_wconf 76' lang='lat' dir='ltr'>tetta·-</span> 
     </span>
     <span class='ocr_line' id='line_1_39' title="bbox 184 4516 889 4589; baseline 0.011 -22"><span class='ocrx_word' id='word_1_301' title='bbox 184 4516 308 4584; x_wconf 88' lang='grc' dir='ltr'><em>ράκοντα.</em></span> <span class='ocrx_word' id='word_1_302' title='bbox 329 4523 390 4574; x_wconf 88' lang='lat' dir='ltr'>Lex.</span> <span class='ocrx_word' id='word_1_303' title='bbox 410 4522 487 4585; x_wconf 85' lang='lat' dir='ltr'>Segu.</span> <span class='ocrx_word' id='word_1_304' title='bbox 507 4520 596 4586; x_wconf 77' lang='lat' dir='ltr'>(Bell.</span> <span class='ocrx_word' id='word_1_305' title='bbox 614 4521 728 4589; x_wconf 86' lang='lat' dir='ltr'>Anecd.)</span> <span class='ocrx_word' id='word_1_306' title='bbox 749 4523 809 4588; x_wconf 77' lang='lat'>306,</span> <span class='ocrx_word' id='word_1_307' title='bbox 829 4524 889 4576; x_wconf 83' lang='lat'>310.</span> 
     </span>
    </p>
   </div>
   <div class='ocr_carea' id='block_1_9' title="bbox 0 0 1695 5234">
    <p class='ocr_par' dir='ltr' id='par_1_11' title="bbox 0 0 1695 5234">
     <span class='ocr_line' id='line_1_40' title="bbox 0 0 1695 5234; baseline 0 0"><span class='ocrx_word' id='word_1_308' title='bbox 0 0 1695 5234; x_wconf 95' lang='lat' dir='ltr'> </span> 
     </span>
    </p>
   </div>
  </div>
 </body>
</html>
