3330 5234
739 539 937 601 ..7-

218 711 273 780 Sic
308 713 394 776 enim
430 720 464 774 et
497 719 641 774 veterum
672 731 749 773 usus
773 707 961 798 loquendi¹)
992 719 1025 773 et
1055 731 1107 775 res
1138 712 1212 792 ipsa
1243 711 1357 775 melius
1388 733 1431 777 ex

242 803 375 868 rimitur.

217 824 239 883 p
263 890 353 973 Quid
377 899 487 953 autem
510 890 593 951 inter
614 889 753 952 arbitros
770 891 914 971 privatos
930 897 964 950 et
979 889 1128 969 publicos
1145 889 1326 966 interesset,
1344 892 1447 954 Meier

216 977 261 1065 (p.
287 979 307 1043 3
331 980 395 1062 sq.)
420 977 581 1046 disseruit.
629 976 754 1041 Arbitri
789 977 947 1059 privati
983 978 1220 1059 compromisso
1252 979 1445 1062 litigantium

217 1068 420 1146 creabantur,
443 1066 636 1148 plerumque
664 1066 859 1149 complures,
885 1085 1021 1149 quorum
1045 1067 1195 1130 iudicium
1219 1069 1306 1134 nulla
1329 1089 1446 1150 provo-

217 1159 344 1220 catione
377 1156 444 1219 tolli
476 1164 617 1237 poterat.
664 1157 740 1220 Non
777 1155 883 1220 solum
908 1155 994 1219 cives
1018 1156 1240 1220 Athenienses
1263 1157 1323 1220 sed
1347 1159 1445 1221 ctiam

216 1247 375 1328 peregrini
412 1265 452 1306 eo
488 1265 624 1308 munere
646 1243 876 1326 fungebantur,
911 1263 971 1306 nec
1003 1245 1067 1307 ullo
1099 1247 1231 1309 rationis
1255 1247 1446 1312 reddendae

219 1330 329 1397 officio
359 1333 599 1420 tenebanturtt.
653 1334 782 1398 Arbitri
818 1333 984 1414 publici
1017 1334 1217 1415 litigantibus
1250 1355 1309 1417 per
1344 1337 1446 1420 magi·

214 1433 334 1486 stratus
357 1444 376 1486 e
399 1424 524 1486 civibus
557 1431 667 1486 certae
699 1423 867 1485 cuiusdam
900 1425 1016 1486 aetatis
1048 1432 1137 1487 sorte
1161 1423 1331 1500 dabantur,
1363 1445 1447 1488 unus

213 1513 244 1574 in
280 1531 474 1595 unaquaque
498 1532 613 1588 causa3
650 1512 692 1576 ab
718 1529 829 1575 eorum
853 1513 1015 1575 sententia
1038 1511 1079 1574 ad
1103 1512 1227 1576 iudices
1258 1513 1446 1577 heliasticos

213 1602 409 1682 provocatio
426 1601 571 1682 parebas
585 1600 726 1666 arbitros
742 1601 834 1681 ipsos
852 1603 993 1676 actione,
1011 1622 1096 1683 quae
1112 1603 1282 1682 εἰσαγγελία
1299 1612 1444 1678 vocatur,

213 1692 367 1770 persequi
397 1690 526 1754 licebat.
571 1691 625 1752 Ex
649 1689 838 1755 Aristotelis
872 1690 913 1752 de
938 1710 972 1752 re
1003 1711 1036 1772 p.
1061 1689 1142 1758 Ath.
1166 1691 1238 1753 libri
1263 1711 1335 1772 cap.
1361 1693 1444 1759 LIII.

214 1778 278 1862 §4
311 1788 480 1861 praeterea
519 1791 657 1863 apparet
688 1779 798 1842 arbitri
834 1778 955 1860 publici
991 1800 1108 1842 munus
1133 1781 1282 1842 omnibus
1307 1781 1442 1857 civibus,

215 1868 270 1949 qui
305 1870 547 1948 sexagesimum
590 1870 706 1934 aetatis
741 1888 861 1932 annum
896 1868 1061 1948 agebant,
1097 1868 1300 1932 subeundum
1336 1866 1443 1943 fuisse,

215 1957 463 2038 quadragesimo
496 1957 643 2020 secundo
678 1959 863 2038 eodemque
886 1957 999 2020 ultimo
1031 1978 1134 2034 ann0,
1167 1978 1211 2021 ex
1235 1979 1301 2040 quo
1325 1958 1445 2041 ephebi

214 2045 259 2106 rei
283 2045 431 2127 publicae
455 2047 561 2110 oflicia
586 2055 754 2127 praestare
778 2056 967 2128 coeperant.

259 2133 340 2197 Cum
371 2135 469 2215 igitur
496 2145 621 2199 tantum
654 2138 780 2200 intersit
810 2138 893 2198 inter
924 2137 1079 2200 arbitrum
1107 2136 1267 2216 privatum
1300 2145 1333 2198 et
1365 2138 1445 2218 pub·

212 2223 327 2298 licum,
363 2224 441 2306 quid
478 2235 528 2288 est
561 2244 616 2289 cur
640 2224 768 2305 utrique
807 2227 894 2288 idem
928 2245 1048 2288 nomen
1083 2223 1294 2306 acceperint?
1333 2227 1443 2290 Unum

212 2312 360 2393 utrisque
384 2332 559 2376 commune
583 2312 649 2392 suit,
676 2317 765 2395 quod
789 2315 887 2377 iidem
911 2333 963 2377 res
987 2323 1021 2376 et
1043 2313 1245 2378 instruebant
1269 2323 1302 2376 et
1325 2314 1445 2377 iudica-

212 2401 303 2470 bant,
350 2403 431 2464 Inde
461 2403 618 2466 arbitrum
654 2424 827 2484 agnoscas,
874 2403 1032 2481 Accedit,
1070 2404 1158 2484 quod
1193 2404 1290 2465 etiam
1323 2404 1445 2484 publici
1502 2411 1506 2418 '

213 2489 323 2553 arbitri
348 2510 412 2552 non
436 2491 542 2554 solum
567 2492 701 2574 privati,
739 2504 914 2577 antequam
947 2494 1140 2566 iudicarent,
1173 2492 1339 2573 litigantes
1363 2494 1447 2555 Inter

212 2599 247 2640 se
273 2579 445 2642 conciliare
470 2579 708 2668 conabanturt).
749 2583 818 2646 Sed
842 2602 925 2664 quae
948 2582 1050 2644 Meier
1081 2578 1126 2665 (p.
1152 2580 1206 2663 26)
1230 2583 1273 2645 de
1297 2583 1445 2645 eiusdem

212 2669 350 2730 nominis
376 2670 501 2750 origine
525 2669 652 2758 dicit4),
677 2675 795 2753 partim
820 2669 919 2746 falsa,
951 2673 1069 2752 partim
1102 2690 1168 2733 non
1199 2672 1277 2733 satis
1302 2671 1444 2734 dilucida

213 2766 295 2819 sunt.
343 2757 527 2839 Litigantes
563 2759 649 2824 enim
684 2764 840 2826 arbitrum
879 2760 1044 2841 publicum
1080 2779 1145 2821 non
1185 2761 1344 2824 creavisse
1384 2762 1443 2823 sed

211 2855 299 2908 sorte
323 2850 491 2928 accepisse
516 2857 630 2912 contra
654 2851 813 2914 Meierum
838 2850 880 2911 ab
904 2849 1056 2912 Huberto
1081 2858 1114 2911 et
1130 2849 1243 2930 Lipsio
1267 2851 1443 2930 probatum

212 2944 263 2997 est
273 2932 306 3022 5).
354 2935 466 3018 Atque
491 2937 762 3019 Harpocrationis
786 2940 919 3020 quidem
943 2939 1037 3001 locus
1071 2938 1111 3021 (s,
1135 2963 1165 3001 υ.
1190 2939 1353 3022 διαιτηταῦ
1377 2939 1443 3003 fide

211 3043 277 3086 non
302 3025 418 3105 dignus
442 3035 502 3094 est.
548 3027 632 3091 Nam
664 3029 914 3109 grammaticum
951 3027 1075 3107 duplex
1109 3048 1214 3110 genus
1248 3028 1443 3092 arbitrorum

212 3113 411 3177 confundere
442 3115 573 3180 Hubert
603 3117 650 3200 (p.
676 3118 731 3204 m)
755 3138 828 3182 cum
860 3117 1003 3197 Bergkio
1027 3117 1185 3197 probavit,
1233 3117 1301 3180 Sed
1324 3119 1443 3182 vellem

212 3201 339 3264 Hubert
363 3215 665 3282 commemorasset,
701 3209 879 3289 ἐπιτρέπειν
914 3206 1079 3287 propriam
1115 3207 1157 3267 de
1192 3209 1321 3268 actione
1352 3208 1443 3287 apud

211 3292 372 3370 privatum
414 3294 570 3358 arbitrum
606 3316 723 3361 vocem
756 3316 842 3360 esse.
889 3295 968 3358 Inde
999 3295 1245 3377 grammaticum
1282 3295 1364 3357 duas
1390 3317 1443 3358 res

208 3379 292 3444 falso
317 3381 526 3446 coniunxisse
552 3385 668 3448 clarius
692 3407 790 3470 quam
815 3386 931 3448 ceteris
954 3385 1151 3465 argumentis
1176 3384 1292 3451 elucet.
1339 3385 1443 3448 Testi-

210 3469 355 3532 monium
387 3480 496 3534 autem
528 3473 626 3542 Dem.
651 3476 729 3543 Mid.
753 3475 772 3560 ἓ
797 3474 840 3538 93
872 3475 1005 3556 οἴδαμεν
1037 3474 1259 3556 Δημοσθένην,
1294 3471 1322 3556 ᾦ
1356 3498 1442 3557 μαρ-

208 3565 386 3640 τυροῦμεν,
419 3563 473 3624 καὶ
496 3561 636 3626 Μειδίαν
661 3600 701 3610 —
728 3567 958 3646 ἑλομένους
989 3563 1146 3645 διαιτητὴν
1177 3562 1353 3644 Στράτωνα
1378 3572 1441 3633 etc,

210 3647 439 3727 interpolatum
465 3649 556 3737 estt).
604 3653 666 3715 His
689 3655 770 3716 locis
805 3654 964 3733 imprimis
988 3652 1090 3715 Meier
1121 3653 1211 3714 nisus
1235 3663 1312 3718 erat.
1358 3653 1441 3716 Illud

210 3772 369 3782 ——-

257 3823 279 3889 ¹)
299 3827 338 3878 Cs.
359 3829 434 3879 Dem.
455 3825 525 3891 (adv.
545 3830 665 3898 Aphob.)
685 3850 721 3884 or.
741 3833 774 3882 29
794 3831 811 3898 ξ
830 3833 864 3881 58
884 3828 1032 3896 (κληρωτὰς
1050 3827 1201 3895 διαιτητής).

257 3893 279 3959 2)
299 3897 379 3949 Aliter
398 3900 427 3952 C.
448 3900 488 3952 Fr.
502 3902 645 3965 Hermann,
664 3905 802 3954 Lehrbuch
829 3905 875 3952 der
899 3903 995 3968 griech.
1016 3901 1185 3956 Staatsaltert.
1205 3901 1222 3968 ξ
1245 3903 1293 3952 145
1313 3904 1373 3956 adn.
1395 3906 1439 3954 21.

256 3964 277 4032 ³)
297 3968 349 4018 Cir.
370 3971 415 4020 Ar.
432 3967 485 4022 ’nn
505 3971 562 4022 nol.
582 3990 639 4038 cap.
659 3976 703 4035 53,
722 3976 746 4026 2.

255 4036 277 4103 ⁴)
295 4039 313 4090 1.
327 4056 349 4091 c.
362 4057 389 4104 p.
405 4041 447 4092 26.
467 4044 634 4096 DenNamen
654 4047 775 4096 Diiiteten
795 4047 839 4095 hat
857 4063 914 4094 man
933 4046 1010 4095 ihnen
1029 4043 1064 4110 (d.
1078 4045 1102 4093 h.
1123 4044 1174 4091 den
1194 4045 1288 4095 offentl.
1300 4044 1440 4110 Schiedsr.)

209 4110 340 4160 vlelleicht
359 4113 466 4162 deshalb
485 4117 613 4182 gegeben,
633 4118 690 4166 weil
710 4118 750 4166 die
769 4118 960 4167 Rechtssachen
979 4117 1043 4165 auch
1063 4133 1094 4164 an
1114 4117 1150 4165 sie
1169 4116 1217 4164 wie
1236 4132 1268 4164 an
1285 4117 1326 4165 die
1345 4118 1440 4167 bereits

212 4183 399 4233 verbandenen
419 4188 704 4251 compromissarischen
731 4190 811 4238 durch
831 4190 907 4237 Wahl
934 4190 981 4238 der
999 4190 1116 4238 ParteIen
1136 4187 1273 4250 gelangten
1301 4190 1364 4238 oder
1394 4205 1439 4252 ge·

210 4253 304 4317 langen
323 4255 448 4322 konnten,
477 4258 530 4306 und
548 4259 572 4307 in
592 4259 639 4308 der
657 4261 823 4326 Behandlung
851 4262 897 4311 der
916 4261 1107 4309 Rechtssachen
1137 4273 1185 4309 vor
1203 4259 1327 4308 beiderlei
1356 4261 1438 4310 Arten

210 4325 256 4373 der
274 4327 398 4375 Diateten
418 4329 536 4378 manches
555 4329 737 4380 Gemeinsame
756 4349 816 4380 war.

255 4393 276 4458 ⁵)
295 4398 371 4446 Nunc
390 4399 465 4447 etlam
484 4401 653 4450 testImonium
673 4403 821 4452 AristoteIIs
840 4403 949 4464 accedit,
967 4419 1026 4468 cap.
1045 4403 1079 4452 53
1098 4400 1115 4468 ξ
1135 4402 1159 4450 5.

209 4538 234 4584 H
254 4465 277 4585 ἓ)
296 4469 491 4604 ἶνεεῑῗῧέῃα,
519 4472 552 4521 de
576 4472 626 4522 litis
654 4474 740 4538 inste,
760 4491 823 4539 quae
852 4483 949 4526 exstant
976 4475 1002 4522 in
1027 4476 1104 4528 Dem.
1125 4489 1163 4525 or.
1182 4474 1240 4522 adv.
1259 4473 1321 4522 Mid.
1341 4490 1367 4538 p.
1388 4475 1436 4536 12,

237 4554 251 4586 u
273 4554 300 4587 er
329 4556 355 4604 p.
425 4577 449 4589 ..
