3330 5234
732 507 955 572 -37-

230 687 437 751 orationibus
460 685 685 768 concluderes,
710 688 847 769 προικός
870 687 945 751 dico
969 695 1003 750 et
1025 687 1139 757 αἰκίας.
1176 685 1270 768 Quae
1296 685 1469 750 difficultas

230 777 341 856 magis
364 776 515 858 speciosa
538 795 636 856 quam
660 777 768 858 gravis
793 785 853 844 est.

276 865 360 929 Nam
394 864 484 947 quod
514 864 642 946 Lipsius
674 864 715 927 de
747 866 894 928 oratione
926 865 1024 928 Dem.
1049 864 1089 927 41
1125 863 1307 944 confirmat,
1340 884 1413 926 eam
1437 865 1469 925 in

227 973 333 1019 causa
355 954 490 1036 προικός
524 973 590 1016 non
624 954 771 1016 habitam
804 973 876 1017 esse
887 950 929 1039 ²),
964 953 1051 1016 idem
1076 954 1118 1017 de
1144 954 1290 1016 oratione
1314 953 1358 1016 40
1380 952 1468 1034 (adv.

232 1041 408 1128 Boeotum)
431 1041 605 1106 dicendum
638 1050 699 1107 est.
745 1043 887 1105 Interest
919 1042 1006 1105 enim
1037 1042 1160 1126 aliquid
1191 1043 1276 1105 inter
1305 1044 1468 1106 actionem

225 1134 378 1214 προικός,
395 1131 525 1213 qualem
541 1129 679 1196 Aristot.
705 1131 789 1214 (cap.
808 1132 860 1212 52,
880 1129 912 1216 2)
927 1131 1104 1212 significat:
1131 1132 1188 1195 ἒάν
1203 1156 1247 1202 τις
1263 1132 1296 1214 (i.
1310 1153 1339 1202 e.
1355 1134 1469 1213 κύριος

227 1220 394 1307 Ιγυναικὸς)
417 1220 558 1303 ὀφείλων
581 1218 637 1306 (sc.
661 1224 710 1302 τῷ
725 1218 929 1305 γεγαμηκότι)
952 1222 999 1303 μή
1016 1221 1135 1302 ἀποδῷ
1159 1221 1219 1303 (sc.
1235 1222 1292 1304 τὴν
1308 1221 1468 1306 ὁμολογη-

226 1312 344 1374 Ιδεῖσαν
367 1307 500 1397 προῖκα)
523 1316 557 1371 et
579 1309 743 1374 actionem
760 1310 842 1392 ὑπὲρ
858 1308 910 1374 vel
926 1310 999 1392 περί
1023 1309 1160 1392 προικός
1176 1307 1278 1393 (velut
1301 1311 1467 1394 μητρῴας,

233 1419 280 1464 or.
305 1397 361 1486 40)
384 1400 486 1462 multo
510 1405 587 1480 post
610 1400 851 1463 matrimonium
874 1398 988 1461 initum
1005 1397 1161 1463 adversus
1179 1416 1239 1461 eos
1255 1398 1388 1478 intenta,
1414 1399 1469 1480 qui

227 1497 359 1570 partem
384 1489 471 1552 dotis
494 1495 589 1551 antea
612 1507 678 1550 non
701 1487 841 1550 solutam
864 1487 1047 1551 hereditate
1063 1495 1260 1569 acceperunt
1280 1498 1313 1551 et
1328 1487 1468 1550 reddere

233 1586 395 1644 recusant.
434 1577 487 1640 De
511 1578 641 1640 actione
673 1578 778 1646 αἰκίας
807 1596 906 1659 supra
930 1576 1071 1641 diximus
1103 1574 1146 1663 (p.
1164 1573 1229 1660 35).
1263 1577 1469 1640 Testimonia

235 1666 472 1730 Demosthenis
496 1674 529 1728 et
552 1663 740 1729 Aristotelis
764 1666 848 1728 inter
871 1686 907 1729 se
931 1668 1091 1729 contraria
1115 1666 1216 1748 Lipsii
1240 1665 1467 1747 interpretatio

229 1755 412 1836 coniungit.
452 1755 543 1818 Idem
573 1773 799 1838 assequemur,
831 1756 858 1817 si
891 1754 986 1818 aliam
1018 1755 1248 1838 simpliciorem
1280 1754 1468 1835 explicandi

232 1845 393 1908 rationem
416 1843 671 1907 adhibuerimus.
695 1843 850 1906 Fortasse
874 1843 980 1907 lorum
1012 1844 1089 1907 huic
1111 1846 1229 1908 actioni
1252 1844 1468 1907 constitutum

229 1953 299 1997 non
323 1941 483 1997 mutatum
500 1941 560 2008 est,
585 1933 645 1996 sed
661 1934 688 1996 si
712 1933 784 2014 quis
805 1934 898 2017 δίκην
917 1934 1022 2004 αἰκίας
1044 1933 1138 1996 alicui
1154 1932 1356 2008 intendebat,
1383 1933 1467 1996 duae

229 2023 304 2084 viae
328 2042 368 2084 ac
384 2023 473 2086 litem
496 2021 720 2103 peragendam
743 2023 911 2105 patebant,
936 2024 1081 2106 ἔμμηνος
1104 2023 1176 2107 δίκη
1201 2023 1245 2086 ad
1276 2023 1469 2103 εἰσαγωγέας

230 2111 343 2174 delata
382 2121 416 2175 et
445 2112 518 2195 δίκη
554 2110 696 2192 simplex
726 2111 789 2174 XL
819 2112 895 2174 viris
923 2112 1031 2181 aditis,
1084 2111 1177 2174 Haec
1209 2112 1355 2174 certandi
1385 2112 1467 2173 ratio

233 2201 376 2264 minores
406 2209 555 2283 sumptus
578 2200 758 2281 poscebat,
794 2201 847 2282 illa
870 2200 1000 2263 brevior
1023 2209 1056 2263 et
1079 2202 1197 2263 certior
1220 2199 1328 2285 erat2).
1366 2199 1467 2262 Actio

230 2288 308 2352 adv.
334 2289 504 2354 Cononem
527 2286 635 2372 (Dem.
660 2309 706 2358 or.
731 2285 786 2374 54)
824 2296 912 2353 certe
935 2309 1001 2351 non
1025 2291 1173 2373 ἔμμηνος
1195 2289 1265 2368 luit,
1298 2311 1371 2352 curn
1395 2296 1467 2351 toto

232 2377 302 2441 sere
330 2400 417 2442 anno
441 2387 519 2460 post
548 2378 694 2441 iniuriam
718 2377 839 2440 illatam
862 2377 907 2440 ad
930 2378 1056 2441 iudices
1079 2380 1205 2442 veniret
1219 2375 1253 2464 3).

279 2467 388 2532 Unum
412 2468 508 2548 igitur
530 2466 735 2530 manifestum
760 2475 820 2546 est,
844 2467 936 2537 δίκας
967 2469 1136 2549 ἐμμήνους
1159 2468 1201 2528 ad
1225 2467 1362 2529 arbitros
1387 2487 1467 2529 nun·

232 2575 331 2637 quam
349 2556 558 2620 descendisse
565 2553 601 2640 4).
618 2593 657 2604 -
669 2556 761 2619 Idem
779 2556 821 2619 de
837 2556 944 2619 causis
968 2557 1157 2621 ἀποδεκτῶν
1167 2555 1190 2643 5)
1213 2557 1297 2620 intra
1320 2575 1466 2619 mensem

234 2645 453 2708 diiudicandis
484 2645 659 2709 dicendum
685 2654 745 2708 est.
793 2645 901 2708 Etiam
934 2646 1109 2728 ἐμπορικαὶ
1141 2646 1226 2709 δίκαι
1250 2644 1465 2726 excipiendae

234 2744 321 2813 sunt,
354 2737 430 2818 quia
456 2735 501 2797 eis
525 2737 557 2798 in
581 2734 686 2798 causis
710 2734 815 2798 forum
838 2734 880 2797 ad
904 2755 1062 2816 personas
1085 2755 1121 2798 se
1146 2755 1211 2797 non
1235 2734 1423 2818 applicabat
1432 2732 1465 2819 6).

229 2822 327 2905 (Hoc
351 2822 465 2910 [Dem]
490 2845 537 2890 or.
555 2823 598 2886 34
621 2822 640 2908 ξ
660 2824 699 2886 18
723 2820 977 2909 comprobatur).
1018 2825 1109 2887 Δίκοι
1124 2825 1309 2908 μεταλλικαί
1326 2832 1359 2885 et
1382 2824 1467 2889 δίκαι

269 3090 292 3158 1)
310 3093 426 3142 Berichte
445 3101 494 3145 etc.
513 3107 540 3156 p.
561 3091 594 3141 57
614 3091 673 3143 adn.
695 3096 717 3144 l.

268 3161 290 3230 ²)
309 3164 349 3218 Cf.
368 3165 443 3215 Dem.
462 3178 501 3212 or.
527 3164 559 3212 22
588 3160 656 3228 (adv.
679 3161 801 3228 Androt.)
829 3160 845 3229 ξ
873 3159 947 3228 mss,
971 3165 1013 3213 ubi
1033 3171 1198 3228 quattuor
1217 3164 1331 3232 actiones
1364 3160 1466 3227 κλοπῆς

230 3243 420 3285 enumerantur.

270 3305 291 3370 ³)
311 3307 345 3359 D.
364 3313 410 3359 att.
429 3302 552 3354 Process2
571 3321 595 3368 p.
616 3305 676 3355 649.

269 3376 290 3444 ⁴)
310 3377 444 3428 Contraria
462 3381 541 3425 docet
560 3376 712 3425 Goodellius
731 3376 755 3425 in
775 3378 833 3427 Am.
852 3377 940 3440 Journ.
962 3376 992 3426 ol
1009 3376 1099 3427 Philol.
1121 3393 1147 3440 p.
1159 3377 1210 3425 323
1229 3393 1285 3441 sqq.
1306 3377 1356 3425 Sed
1376 3376 1396 3424 si
1415 3377 1466 3425 suis

230 3449 341 3514 quisque
355 3448 506 3498 coniecturis
518 3449 576 3513 plus
590 3443 736 3497 confideret
750 3463 825 3512 quam
838 3454 959 3498 accurata
968 3455 1102 3497 auctorum
1115 3456 1230 3497 veterum
1243 3449 1467 3514 interpretatione,

235 3537 287 3585 quo
306 3521 515 3586 perveniremus?
534 3517 696 3584 Εἰσαγωγεῑς
713 3535 766 3567 non
783 3519 969 3582 alitigantlbus
983 3518 1043 3584 ipsis
1056 3521 1102 3568 sed
1121 3534 1168 3583 per
1186 3527 1288 3568 ceteros
1307 3520 1465 3582 magistratus

230 3590 310 3648 δίκας
327 3588 459 3656 ἐμμήνους
478 3590 609 3655 accepisse
629 3591 754 3640 dicuntur.
783 3593 820 3640 At
839 3592 930 3640 desunt
949 3590 1095 3640 testimonia
1113 3589 1284 3655 antiquitatis!
1310 3590 1464 3640 Aristoteles

232 3679 294 3713 vero
314 3672 401 3726 aperte
421 3662 481 3712 dicit
499 3659 566 3728 (cap.
578 3662 622 3724 52,
635 3659 663 3727 3)
683 3658 753 3711 οὗτοι
771 3658 825 3727 μὴν
838 3658 885 3711 οὖν
903 3658 996 3717 ταύτας
1015 3659 1225 3720 δικάζουσιν
1243 3659 1374 3726 ἐμμήνους
1394 3660 1465 3712 εἰσά-

229 3751 319 3800 Ιηοντυς
338 3751 385 3784 nec
405 3734 479 3783 aliter
497 3735 531 3782 de
550 3734 586 3784 eis
605 3733 717 3798 loquitur
736 3750 766 3782 ac
785 3735 818 3782 de
837 3733 926 3782 ceteris
946 3733 1142 3796 magistratibus,
1161 3735 1202 3798 qui
1220 3733 1281 3782 iuris
1301 3734 1400 3782 dicendi
1420 3735 1463 3782 ha·

232 3806 331 3854 bebant
348 3812 514 3871 potestatem.
554 3802 714 3869 Εἰσαγωγεῖς
732 3805 831 3853 arbitris
850 3821 939 3854 causas
958 3805 1118 3854 mandavisse
1139 3805 1270 3862 dicuntur,
1300 3805 1416 3855 nimirum
1436 3814 1463 3854 ut

228 3875 341 3927 celerius
359 3878 542 3928 iudicarentur!
563 3875 687 3941 Equidem
706 3885 771 3940 puto
790 3874 876 3931 δίκαις
894 3871 1019 3940 ἐμμήνοις
1037 3877 1183 3926 breviorem
1196 3892 1249 3926 non
1269 3876 1411 3939 longiorem
1432 3879 1466 3926 ad

235 3947 332 3998 iudices
350 3949 414 3997 viam
435 3949 519 4000 luisse.
539 3946 627 4012 ltaque
647 3949 736 4012 Lipsio
755 3948 871 3996 assentiri
891 3965 941 3996 non
960 3948 1056 3996 dubito.

270 4017 291 4080 5)
311 4019 349 4068 Cf.
370 4021 416 4068 Ar.
432 4016 497 4068 ’Au
516 4017 573 4069 πολ.
593 4035 648 4084 cap.
669 4018 712 4079 52,
731 4019 755 4071 3.

269 4090 291 4154 ⁶)
311 4091 351 4140 Cf.
370 4091 404 4141 D.
424 4098 468 4142 att.
488 4087 572 4141 Ρτοο.1
591 4106 616 4155 p.
640 4089 690 4153 68,
712 4088 786 4139 1011.
807 4089 908 4138 Hubert
935 4106 960 4153 p.
982 4090 1023 4139 38.
1043 4090 1176 4152 Goodell,
1194 4091 1210 4140 l.
1230 4106 1252 4139 c.
1265 4107 1290 4155 p.
1306 4090 1355 4139 323
1369 4091 1465 4138 Aristo·

233 4163 309 4211 telem
334 4163 360 4212 in
378 4178 435 4227 cap.
449 4162 481 4210 52
501 4159 546 4228 §2
566 4159 642 4215 δίκας
660 4157 805 4225 ε’μπορικάς
834 4160 898 4210 falso
918 4161 1031 4211 omisisse
1052 4169 1131 4226 putat,
1168 4177 1225 4210 cum
1243 4161 1465 4224 grammaticorum

234 4233 346 4283 Pollucis
365 4240 391 4281 et
411 4234 493 4296 llarp.
512 4232 574 4281 locis
586 4249 629 4281 eas
643 4229 774 4298 ἐμμήνους
791 4233 867 4282 luisse
885 4231 1060 4295 intellegatur;
1086 4234 1273 4282 thesmuthetas
1289 4247 1332 4282 eas
1349 4232 1466 4282 actiones

229 4305 363 4370 accepisse
374 4303 429 4370 (Ar.
441 4319 497 4368 cap.
509 4301 568 4371 595
582 4301 609 4370 5)
628 4312 654 4354 et
672 4302 841 4368 εἰσαγωγεῢοι
861 4303 1004 4354 tradidisse.
1028 4303 1078 4353 Sed
1088 4304 1114 4352 in
1133 4305 1178 4352 Ar.
1190 4319 1245 4368 cap.
1257 4303 1290 4353 52
1310 4301 1350 4370 §2
1372 4301 1395 4354 δ.
1406 4301 1466 4367 ε’μπ.

234 4391 287 4425 non
297 4392 357 4424 casu
370 4377 479 4424 omissae
499 4390 555 4423 esse
576 4376 705 4437 videntur,
735 4377 779 4424 sed
800 4377 857 4440 quia
881 4376 913 4423 ad
938 4377 1168 4424 thesmuthetarum
1188 4375 1271 4424 lorum
1290 4376 1465 4440 pertinebant,

232 4446 277 4511 qui
296 4463 340 4496 eas
360 4447 450 4495 eodem
470 4461 558 4496 mense
577 4447 610 4495 ad
629 4447 724 4497 iudices
750 4446 871 4496 ferebant.
892 4447 930 4497 Cl.
945 4463 984 4508 ea,
1004 4462 1068 4511 quae
1088 4450 1130 4496 Ar.
1151 4462 1207 4509 cap.
1229 4446 1261 4495 52
1281 4443 1297 4512 ξ
1317 4447 1331 4495 3
1352 4447 1383 4494 de
1402 4443 1466 4495 ἀπο-

232 4515 337 4567 δεκτῶν
356 4518 501 4567 actionibus
520 4517 588 4568 dicit.
