3330 5234
714 464 930 526 ..17-

202 641 423 704 accusativum
455 657 520 700 non
551 637 594 698 ad
625 637 745 706 ὂιαιτᾶν
768 637 828 699 sed
863 637 907 698 ad
941 637 1078 700 δείκνυσι
1112 636 1318 700 referendum
1345 659 1431 705 csse.

203 728 272 792 Sed
291 727 490 808 exemplum,
515 724 604 809 quod
626 726 719 790 affert
742 746 761 787 e
786 725 875 793 Pind.
899 724 1033 806 Olymp.
1050 725 1127 801 9,66
1149 727 1240 790 πόλιν
1268 727 1433 792 δ’ὤπασεν

203 818 282 882 λαόν
305 841 337 879 τε
361 817 487 888 διαιτᾶν,
513 814 589 876 mihi
603 816 746 895 quidem
771 834 836 877 non
860 815 905 877 ita
921 815 1056 877 multum
1072 815 1179 877 valere
1195 816 1328 885 videtur,
1356 817 1432 880 Hoc

204 908 293 971 enim
327 904 402 968 loco
435 904 569 965 verbum
593 904 713 967 διαιτᾶν
747 904 778 965 in
813 903 877 968 fine
912 905 1091 966 sententiae
1127 905 1268 986 positum
1293 915 1343 968 est
1367 906 1434 968 dis·

205 997 352 1058 iunctum
375 1003 405 1056 et
421 992 616 1070 absolutum,
641 993 694 1055 illo
719 1013 798 1055 vero
814 992 889 1054 loco
905 993 1107 1071 accusativis,
1131 994 1283 1074 aquibus
1300 994 1432 1058 minime

209 1083 361 1146 abhorret
370 1080 405 1167 ¹),
433 1081 610 1164 praecedit.

255 1171 319 1234 Sed
350 1179 385 1233 ut
427 1170 470 1232 ad
513 1189 579 1232 rem
619 1171 771 1249 redeam,
815 1169 984 1233 difficultas
1026 1172 1109 1232 inter
1148 1169 1362 1235 Aristotelem
1399 1181 1433 1236 et

211 1261 260 1324 Ps.
284 1258 544 1322 Demosthenem
565 1279 630 1321 non
651 1280 689 1322 ea
718 1267 779 1337 est,
804 1267 839 1322 ut
867 1259 936 1322 tolli
957 1260 1088 1321 omnino
1108 1270 1257 1340 nequeat,
1282 1263 1310 1323 si
1330 1263 1434 1324 modo

205 1348 464 1412 Demosthenem
495 1357 584 1411 recte
617 1356 649 1410 et
679 1349 869 1429 simpliciter
899 1346 1155 1429 interpretamur.
1203 1350 1275 1411 Non
1310 1351 1352 1412 ab
1378 1370 1432 1411 ar·

204 1438 360 1501 bitrorum
393 1436 521 1518 collegii
557 1437 672 1500 decem
704 1438 852 1518 partibus
890 1437 1014 1498 initium
1045 1437 1232 1518 explicandi
1262 1437 1430 1516 iaciamus,

203 1527 263 1590 sed
287 1547 306 1588 a
329 1525 420 1602 locis
454 1527 507 1589 ubi
531 1525 640 1589 arbitri
663 1526 860 1590 iudicabant.
898 1525 993 1588 Haec
1027 1526 1100 1588 loca
1122 1527 1256 1607 singulis
1280 1527 1432 1590 tribubus

204 1617 382 1677 constituta
413 1624 504 1678 erant
538 1615 590 1676 vel
621 1615 716 1677 binae
748 1615 852 1677 tribus
883 1635 980 1678 unum
1013 1635 1219 1677 communem
1250 1615 1430 1694 habebant,

203 1724 288 1786 quae
313 1702 540 1786 Schomanni2)
572 1705 614 1766 ab
646 1703 796 1767 Huberto
820 1704 865 1785 (p.
890 1701 944 1789 30)
976 1706 1116 1786 probata
1147 1706 1308 1766 sententia
1332 1703 1431 1788 θεῖε).

202 1793 336 1856 Arbiter
358 1794 402 1855 ad
423 1791 528 1854 forum
552 1795 598 1855 rei
622 1812 658 1856 se
682 1792 881 1873 applicabat.
921 1791 956 1855 Si
972 1795 1043 1874 quis
1063 1814 1081 1855 e
1098 1803 1216 1857 cuncto
1232 1793 1430 1857 arbitrorum

202 1902 338 1944 numero
369 1891 458 1944 sorte
489 1891 619 1944 creatus
654 1902 786 1944 causam
817 1891 1001 1962 acceperat,
1025 1901 1073 1945 eo
1096 1881 1193 1945 loco
1217 1902 1304 1946 eam
1332 1884 1431 1948 diiu-

203 1971 397 2044 dicabat,
435 1972 502 2051 qui
540 1971 672 2033 tribui
707 1969 767 2033 rei
804 1971 1048 2034 destinatus
1085 1981 1185 2035 erat.
1232 1972 1296 2035 Ita
1320 1973 1431 2035 idem

201 2059 368 2122 arbiter
391 2059 585 2124 diversas
609 2059 709 2123 lites
734 2060 920 2122 diversis
944 2059 1053 2123 locis
1077 2061 1329 2130 instruebat.

246 2148 321 2210 Hac
344 2150 470 2211 ratione
485 2150 536 2217 Ps,
561 2148 796 2211 Demosthenis
820 2149 927 2210 verbis
951 2149 1124 2229 explicatis
1149 2150 1324 2212 concidunt
1354 2172 1433 2232 quo·

203 2257 284 2319 que,
328 2256 412 2317 quae
443 2237 586 2323 Bergk⁴)
620 2238 662 2301 de
697 2239 854 2318 prytaniis
883 2237 1009 2316 collegii
1046 2238 1240 2300 arbitrorum
1277 2242 1430 2309 coniecit.

201 2327 287 2388 Nam
311 2327 338 2388 si
368 2325 560 2388 arbitrorum
596 2327 769 2407 collegium
799 2328 831 2387 in
855 2325 957 2387 nullas
988 2327 1120 2389 omnino
1145 2336 1252 2405 partes
1277 2348 1385 2409 neque
1411 2350 1431 2392 e

200 2415 348 2480 tribubus
372 2423 519 2495 sumptas
542 2435 603 2477 nec
626 2416 805 2476 secundum
828 2414 930 2476 tribus
962 2416 1156 2477 constitutas
1187 2416 1322 2478 divisum
1348 2427 1429 2491 erat,

201 2524 241 2566 ne
266 2503 435 2586 prytaniae
458 2504 590 2584 quidem
614 2523 686 2566 esse
711 2512 872 2584 poterant.
898 2504 990 2567 ldem
1015 2504 1123 2584 priore
1147 2506 1306 2567 sententia
1330 2506 1430 2570 tacite

202 2601 328 2657 mutata
351 2591 479 2671 Lipsius
510 2593 630 2655 sentire
652 2593 786 2656 videtur.
836 2590 903 2655 Sed
936 2602 1002 2654 tam
1025 2593 1178 2674 ambigue
1202 2593 1361 2676 loquitur,
1393 2605 1430 2656 ut

202 2683 279 2763 quid
310 2681 429 2743 sentiat
459 2680 587 2744 difficile
619 2681 790 2764 intellegas
800 2679 833 2767 ⁶).
880 2681 974 2744 Plura
998 2684 1039 2745 de
1064 2683 1257 2744 arbitrorum
1282 2683 1430 2764 collegio

200 2769 281 2832 infra
306 2769 462 2837 dicentur.

776 2914 793 2996 a
818 2914 847 2978 5.

492 3056 554 3132 De
583 3059 833 3133 arbitrorum
860 3057 1136 3132 iureiurando.

249 3212 309 3276 Diu
332 3215 363 3277 in
396 3214 460 3276 hac
492 3217 682 3295 quaestione
716 3215 938 3278 testimonium
970 3216 1169 3296 antiquitatis
1207 3215 1428 3278 desideratum

203 3311 261 3371 est,
301 3303 498 3367 Aristoteles
522 3324 593 3366 eam
618 3323 750 3388 quoque
775 3323 844 3364 rem
868 3303 1012 3372 illustrat.
1061 3304 1133 3366 Nec
1165 3307 1297 3366 veroin
1322 3306 1431 3385 capite

244 3498 266 3563 1)
286 3501 400 3550 Verbum
429 3498 529 3550 διαιτᾶν
557 3517 614 3550 cum
643 3517 698 3551 acc.
726 3498 800 3565 νείκη
829 3500 994 3550 coniunctum
1025 3501 1101 3549 Dion.
1127 3501 1186 3554 Hal.
1208 3500 1231 3562 7,
1256 3501 1289 3549 52
1317 3501 1427 3550 exhibet.

199 3567 323 3621 Similiter
350 3571 375 3620 in
404 3573 449 3622 Ar.
469 3587 524 3637 cap.
544 3573 587 3633 53,
606 3569 622 3639 ξ
643 3574 656 3621 2
677 3569 795 3630 δικάζειν
813 3587 869 3620 curn
897 3586 949 3623 acc.
968 3567 1014 3635 τὴν
1033 3568 1119 3635 φυλήν
1138 3573 1299 3621 coniunctum
1320 3580 1366 3634 est,
1386 3573 1430 3636 qui

200 3659 268 3778 osup)
281 3658 306 3760 ap
308 3643 497 3762 11c·ln1⁵uemdl1ne
517 3644 616 3764 liqqqae
636 3645 750 3692 Graecae
770 3658 875 3708 prorsus
894 3659 946 3691 non
966 3644 1061 3692 alienus
1080 3653 1126 3696 est.

326 3727 438 3775 ioogus
471 3750 478 3775 ,
517 3715 566 3767 ,ι’
595 3753 600 3765 .

245 3780 266 3849 l)
285 3785 392 3834 Praeter
418 3730 556 3844 heliaelm,
579 3802 653 3850 quam
682 3787 778 3835 duabus
809 3787 925 3834 tribubus
954 3785 1104 3834 destinatam
1124 3784 1199 3834 fuisse
1220 3799 1249 3832 ex
1268 3781 1366 3849 (Deru.)
1386 3799 1426 3834 or.

198 3855 232 3903 47
253 3852 269 3922 ξ
294 3855 323 3906 12
349 3854 513 3920 intellegitur,
532 3865 588 3906 stoa
611 3857 713 3922 poecile
738 3858 806 3920 apud
835 3857 1035 3906 Demosthenem
1055 3857 1100 3917 (or.
1118 3857 1153 3905 45
1174 3853 1190 3920 ξ
1214 3853 1255 3920 17)
1274 3855 1430 3904 nominatur.

199 3927 239 3974 De
259 3926 350 3976 ceteris
370 3926 521 3976 arbitrorum
551 3928 613 3976 locis
641 3928 702 3976 nihil
732 3929 852 3976 traditum
881 3928 1033 3993 accepimus.
1058 3928 1097 3978 Ci.
1116 3927 1243 3976 Thumser
1261 3942 1285 3989 p.
1306 3927 1366 3978 594.
1386 3927 1429 3974 De

199 3998 332 4062 delphinio
363 4013 403 4046 res
431 3999 511 4048 minus
538 4010 606 4048 certa
625 4006 672 4048 est.
709 3999 748 4048 Ibi
768 4000 832 4048 enim
851 4001 1029 4049 tantummodo
1048 3999 1104 4047 iura
1122 3997 1229 4048 iuranda
1247 3998 1355 4062 partium
1375 3997 1430 4046 liti-

198 4069 313 4174 gaqtinrn
333 4069 400 4186 {acta
419 4085 476 4120 esse
495 4071 609 4155 legimus.
629 4071 666 4124 cf.
686 4071 784 4118 Hubert
801 4084 829 4134 p.
848 4070 891 4120 46.

246 4140 267 4277 tl
284 4141 401 4261 irrui}
414 4143 639 4266 hull'ul'delh
659 4213 684 4261 u.
705 4213 738 4262 K.
758 4211 783 4261 s
803 4211 835 4264 G.
852 4212 878 4264 u.
892 4211 934 4261 w,
952 4227 982 4260 zu
1009 4210 1115 4276 Leipzig
1137 4211 1213 4272 1891,
1235 4227 1261 4275 p.
1281 4210 1328 4260 58:
1347 4210 1429 4260 untes

200 4281 270 4333 diese
289 4283 410 4334 verteilen
440 4283 481 4332 die
509 4284 544 4333 40
572 4285 663 4332 durchs
681 4285 734 4332 Los
760 4283 802 4332 die
827 4282 1046 4332 vorkommenden
1075 4282 1229 4331 Rechtsiiille
1248 4297 1292 4330 zur
1311 4281 1427 4330 schieds-

201 4351 380 4404 richterlichen
400 4355 589 4419 Entscheidung
616 4355 669 4405 und
696 4371 762 4403 zwar
789 4353 855 4404 nach
883 4351 982 4419 (Dem.)
1010 4354 1053 4415 47,
1075 4354 1105 4402 12
1122 4353 1180 4415 jede
1201 4352 1307 4402 Sektion
1325 4353 1372 4400 der
1390 4351 1429 4400 40

200 4427 349 4487 gerondert‚
369 4425 431 4472 aber
450 4425 517 4474 nicht
537 4441 585 4474 nur
603 4442 635 4476 an
654 4424 799 4489 hlirglieder
817 4425 885 4474 ihrer
903 4427 990 4489 Phyle.
