3330 5234
725 528 978 592 -25-

225 707 440 768 necessariam
472 725 545 768 esse
576 705 661 768 hanc
685 707 914 781 coniecturam,
946 707 1069 788 quippe
1092 728 1175 789 quae
1200 709 1339 786 dirimat,
1364 707 1461 789 quod.

226 803 337 858 orator
352 794 542 876 simpliciter
554 795 665 858 melius
683 795 792 858 dicere
808 803 940 876 poterat
957 796 1079 880 (ἐπειδὴ
1097 798 1297 880 γήτίμωσεν,
1314 798 1351 860 ὃν
1366 792 1460 879 irinu-

225 884 310 966 λήθη
334 879 389 946 καὶ
412 882 497 946 τοῦτ’
514 882 684 965 ἒχαρίσαθ
712 885 813 966 αὑτῷ)
838 892 871 946 et
895 884 1059 963 debilitet,
1091 905 1176 967 quae
1208 895 1319 949 orator
1342 882 1461 948 lortius-

225 972 414 1052 protulerat.
440 974 511 1035 Nec
527 973 577 1035 his
596 972 704 1035 verbis
728 973 804 1034 solis
817 972 976 1036 Fr'ankelii
997 974 1158 1038 sententia
1182 973 1314 1038 delendi
1330 982 1452 1055 potest.

227 1060 274 1123 Cf.
300 1061 380 1128 Mid.
410 1059 430 1145 ᾗ
453 1060 513 1125 92:
538 1062 593 1124 καί
615 1063 671 1144 τὴν
694 1062 756 1143 μὲν
767 1061 848 1126 κατὰ
870 1067 927 1126 τοῦ
950 1062 1110 1146 διαιτητοῦ
1126 1068 1252 1144 γνῶσιν,
1277 1066 1315 1146 ἢν
1332 1062 1453 1144 ἀπρόσ-

225 1150 342 1233 κλητον
372 1151 600 1214 κατεσκεύασεν
623 1151 735 1223 αὐτός,
767 1152 882 1231 κυρίαν
912 1153 1002 1232 αὐτῷ
1031 1153 1215 1235 πεποίηκεν,
1247 1155 1286 1235 ἣν
1318 1151 1457 1221 δἀὖτδς

227 1237 337 1320 α’)φίεν
356 1239 429 1320 ἐμοὶ
452 1239 678 1321 προσκληθείς,
704 1240 806 1313 εἰδώς,
835 1240 896 1303 οὐκ
921 1241 1081 1314 ἀπαντῶν,
1109 1242 1231 1322 ἄκυρον
1254 1247 1347 1306 ποιεί.
1371 1241 1455 1324 Nam

219 1328 289 1390 etsi
307 1329 466 1390 rhetorice
478 1329 560 1390 inter
576 1348 612 1391 se
625 1338 851 1410 opponuntur:
864 1329 1166 1410 κύριος-ἄκυρος,
1181 1330 1404 1414 ἀπρόσκλητος
1413 1365 1457 1376 -

227 1416 453 1500 προσκληθείς,
485 1427 597 1481 tamen
624 1417 736 1480 sortior
766 1417 934 1498 oppositio
957 1417 994 1480 fit
1017 1426 1049 1481 et
1072 1421 1261 1496 accuratior,
1293 1419 1320 1480 si
1343 1419 1458 1500 κυρίαν

227 1507 400 1588 πεποίηκεν
430 1507 473 1568 ad
495 1507 765 1587 provocationem
790 1504 951 1584 Stratonis
982 1507 1174 1572 auctoritate
1207 1516 1241 1571 et
1271 1507 1464 1590 eloquentia.

228 1595 348 1657 Midiae
379 1596 535 1657 reiectam
567 1594 746 1660 referimus.
778 1594 856 1656 Alio
888 1594 963 1658 loco
994 1596 1140 1660 eiusdem
1173 1598 1328 1660 orationis
1360 1597 1457 1659 etiarn

229 1683 301 1764 plus
325 1684 457 1747 confido
475 1685 517 1746 ad
535 1684 739 1765 probandam
757 1681 916 1747 Stratonis
940 1685 1220 1764 provocationem.
1246 1684 1347 1765 Quod
1372 1685 1459 1746 enim

228 1770 252 1858 ᾗ
275 1772 320 1836 90
342 1772 556 1853 legimus...
576 1822 582 1836 .
608 1775 721 1855 ἄτιμον
738 1771 920 1856 Ἀθηναίων
944 1773 993 1836 ἔν’
1018 1775 1096 1836 εἶναι
1119 1774 1242 1838 δεῖκαὶ
1263 1778 1345 1859 μήτε
1368 1795 1457 1854 συγ·

227 1862 413 1944 γνώμης,
449 1864 529 1944 μήτε
552 1862 657 1943 λόγου,
681 1863 762 1944 μίγτε
785 1862 953 1931 ἐπιεικείας
975 1863 1137 1945 μηδεμιᾶς
1158 1870 1269 1944 τυχεῖν,
1295 1883 1368 1928 mea
1391 1863 1462 1944 qui·

229 1950 303 2012 dem
328 1949 489 2012 sententia
519 1970 584 2013 non
617 1951 658 2012 de
689 1951 818 2014 actione
850 1951 940 2030 apud
963 1950 1156 2014 arbitrorum
1181 1951 1365 2032 collegium,
1399 1952 1453 2014 ubi

228 2037 339 2102 Strato
363 2059 429 2101 non
451 2039 565 2102 aderat
588 2059 650 2102 nec
673 2038 835 2102 veniam
858 2040 985 2120 precari
1008 2049 1151 2120 poterat,
1186 2042 1247 2103 sed
1271 2041 1314 2103 de
1337 2059 1455 2122 provo·

229 2128 357 2192 catione
381 2128 468 2208 apud
492 2129 615 2192 iudices
640 2128 764 2206 dicitur,
789 2128 843 2190 ubi
856 2127 965 2191 Strato
981 2148 1086 2191 rerum
1103 2130 1303 2210 agendarum
1330 2130 1458 2211 imperi·

228 2226 281 2280 tus
295 2216 320 2297 1)
344 2237 364 2278 a
386 2216 546 2280 iudicibus
569 2219 626 2281 vix
641 2217 770 2280 auditus
782 2225 841 2293 est,
866 2217 986 2280 nedum
1002 2218 1131 2280 veniam
1148 2220 1312 2301 acciperet
1324 2215 1358 2304 ²),
1384 2238 1464 2280 cum·

228 2306 349 2368 Midias
364 2307 481 2368 civium
496 2305 607 2369 lavore
631 2305 841 2387 praevaleret,
866 2307 909 2369 Et
924 2306 1011 2368 hunc
1026 2306 1135 2368 locum
1151 2306 1250 2381 aliter,
1275 2307 1332 2368 vix
1347 2315 1457 2370 autem

229 2395 343 2458 melius
366 2395 568 2476 interpretari
585 2393 744 2480 poteris³).
769 2394 881 2459 Strato
904 2395 1010 2480 igitur,
1034 2415 1108 2458 cum
1132 2396 1173 2457 ad
1190 2396 1316 2460 iudices
1333 2397 1458 2458 omissa

230 2484 416 2547 eremodicii
440 2485 674 2547 restauratione
697 2492 901 2565 provocaret,
918 2484 986 2547 iure
1010 2485 1166 2546 adversus
1190 2505 1226 2548 se
1250 2492 1359 2548 actum
1385 2504 1460 2548 esse

231 2574 406 2641 concessit.
420 2571 573 2654 Sequitur
584 2573 770 2637 citationem
783 2573 893 2635 arbitri
909 2572 1050 2635 accusati
1063 2573 1137 2653 lege
1150 2593 1215 2636 non
1226 2573 1466 2656 praescriptam·

230 2659 345 2736 fuisse,
382 2662 504 2743 quippe
535 2682 609 2724 cum
641 2662 758 2724 adesse
789 2671 822 2724 et
856 2671 1051 2724 accusantes
1086 2669 1280 2744 exspectare
1315 2662 1463 2733 deberet,

231 2749 298 2813 Sed
315 2751 450 2812 multum
478 2752 612 2812 interest
635 2750 718 2812 inter
741 2770 835 2813 usum
848 2749 1056 2813 humanitatis
1080 2759 1113 2812 et
1136 2750 1219 2832 legis
1242 2751 1462 2816 severitatem.

230 2840 349 2902 Midias
372 2858 451 2901 sane
475 2839 625 2902 dolosum
649 2849 681 2902 et
705 2840 848 2921 iniquum
872 2858 908 2902 se
924 2840 1094 2919 praestitit,
1118 2859 1191 2902 curn
1208 2839 1377 2903 absentem
1402 2859 1468 2920 ag·-

231 2949 365 3010 gressus
385 2925 471 3013 ese).
498 2927 565 2990 Sed
590 2927 843 3002 Demosthenes
869 2947 933 3008 qua
956 2937 1025 2989 erat
1041 2928 1214 2992 calliditate
1230 2949 1295 2991 non
1310 2935 1466 2991 accurate

231 3018 380 3080 distinxit
402 3019 486 3080 inter
509 3017 601 3098 leges
624 3019 670 3079 rei
687 3016 836 3096 publicae
855 3026 888 3079 et
904 3015 975 3079 illos
992 3018 1161 3100 ἀγράφους
1175 3018 1308 3100 νόμους,
1334 3018 1467 3099 quibus,

232 3107 453 3190 quodcunque
479 3125 617 3187 aequum
641 3115 676 3169 et
692 3105 867 3169 honestum
891 3114 951 3185 est,
975 3106 1124 3169 sancitur.

275 3195 390 3258 Altera
401 3199 549 3276 quaestio
561 3204 621 3269 est,
636 3215 745 3256 nonne
758 3204 887 3275 praeter
899 3195 1015 3275 capitis
1029 3195 1283 3258 deminutionem
1294 3194 1376 3257 aliae
1385 3213 1464 3276 poe·

231 3304 294 3348 nae
314 3285 510 3368 εἰσαγγηίίας
529 3285 657 3346 actione
682 3285 847 3365 potuerint
871 3285 1016 3364 irrogari.
1050 3284 1174 3346 Meicro
1191 3285 1324 3364 quidem
1344 3283 1391 3364 (p.
1413 3280 1463 3368 15)

231 3373 417 3437 incredibile
432 3374 536 3436 visum
550 3382 612 3456 est,
625 3373 722 3435 etiarn
734 3371 878 3436 faciliora
890 3373 1083 3436 arbitrorum
1101 3372 1219 3435 delicta
1231 3380 1298 3436 tam
1311 3373 1465 3436 atrociter

231 3464 346 3544 punita
370 3482 453 3538 esse,
468 3471 501 3525 et
521 3461 744 3545 Schdmann⁶)
761 3463 789 3524 ei
807 3481 961 3524 assensus
977 3469 1037 3530 est.
1064 3460 1251 3525 Secundum
1265 3461 1378 3525 Meieri
1394 3481 1464 3524 sen·

231 3553 365 3614 tentiam
393 3552 501 3633 ἀτιμία
524 3552 570 3614 eis
601 3552 729 3614 arbitris
752 3549 830 3614 solis
853 3550 1053 3635 imminebat,
1077 3551 1132 3631 qui
1164 3549 1284 3612 fraudis
1317 3559 1374 3614 aut
1397 3569 1464 3612 cor·

231 3641 379 3721 ruptelae
396 3641 538 3703 accusati
552 3647 584 3702 et
600 3642 738 3703 convicti
750 3647 852 3705 erant.
870 3638 1060 3701 Ceterorum
1074 3639 1239 3702 criminum
1253 3659 1396 3720 poenam
1409 3639 1464 3702 mi-

232 3749 345 3793 norem
370 3727 469 3792 fuisse
493 3738 527 3792 et
549 3729 683 3810 singulis
706 3729 737 3791 in
761 3729 869 3790 causis
893 3727 1097 3790 aestimatam
1123 3747 1205 3790 csse.
1229 3727 1272 3790 Et
1302 3727 1431 3811 Lipsius
1440 3724 1470 3810 ⁶)

270 3906 289 3972 ¹)
308 3904 454 3972 ἀπράγμων
473 3908 534 3958 Mid.
556 3905 573 3972 ᾖ
593 3908 634 3956 83.

268 3975 289 4044 ¹²)
309 3979 349 4032 Cf.
364 3981 438 4030 Dem.
453 3995 490 4028 or.
504 3979 539 4028 45
561 3977 630 4044 (adv.
644 3975 741 4043 steph.)
766 3975 814 4044 §6
833 3975 902 4027 οὕτω
922 3974 1032 4041 διέθηκε
1054 3971 1112 4032 τοὺς
1130 3972 1266 4036 δικαστάς,
1285 3974 1352 4026 ὥστε
1371 3970 1470 4041 φωνὴν

270 4048 294 4100 δ’
321 4047 432 4099 ὐτιναῦυ
450 4047 550 4099 ἐθέλειν
569 4046 676 4098 ἀκούειν
701 4046 709 4064 ‘
732 4052 778 4100 ῶν.

230 4067 293 4178 μηδ)
313 4068 428 4170 lloodell
447 4120 518 4187 (Am.
531 4122 623 4185 Journ.
638 4121 668 4169 of
678 4067 768 4171 Plrllol.
782 4120 833 4169 XII
848 4120 873 4181 3,
885 4137 913 4184 p.
926 4116 988 4184 322)
1003 4133 1068 4169 voce
1079 4113 1206 4176 καθάπαξ
1220 4115 1292 4182 (Mid.
1306 4116 1323 4184 ξ
1337 4115 1383 4184 87)
1395 4117 1464 4166 uisus

232 4202 308 4257 negat
328 4192 476 4242 Stratonem
497 4194 529 4240 ad
548 4193 644 4242 iudices
662 4207 832 4255 provocasse,
850 4189 940 4240 iniuria
960 4199 984 4238 ut
1003 4189 1120 4240 arbitror.
1140 4190 1204 4238 Nam
1224 4185 1351 4246 καθάπαξ
1369 4187 1469 4253 (zain

232 4265 270 4312 sur
288 4262 394 4328 allemal,
413 4280 478 4328 ganz
498 4264 552 4312 und
564 4262 619 4327 gar)
639 4262 782 4325 significare
795 4263 903 4323 videtur,
922 4262 1041 4310 damnum
1056 4259 1181 4310 Stratonis
1195 4260 1358 4326 irreparabile
1378 4260 1465 4310 fuisse.

232 4336 265 4384 Et
284 4335 400 4400 prolecto
420 4352 435 4384 a
453 4335 577 4383 iudicibus
597 4349 648 4382 non
668 4333 766 4382 auditus
785 4333 871 4382 Strato
891 4328 1018 4390 καθάπαξ
1037 4329 1126 4394 ἄτιμος
1145 4327 1251 4396 ἐγένετο.

266 4403 289 4470 ⁴)
309 4406 348 4458 cf.
367 4405 460 4468 Bergk,
478 4406 504 4454 z.
519 4407 536 4456 r.
549 4406 574 4454 d.
589 4405 620 4455 A.
636 4405 677 4456 w.
695 4405 770 4466 1849,
788 4421 817 4468 p,
831 4405 890 4453 am.

266 4475 293 4542 ὗ)
312 4478 460 4541 Philologus
481 4479 500 4527 1.
513 4493 539 4542 p.
556 4477 614 4526 729.

267 4547 289 4602 υ)
308 4550 341 4599 D.
355 4556 400 4597 att.
421 4545 508 4597 Ρτοε.2
528 4564 552 4612 p.
567 4548 626 4597 226.
