3330 5234
712 455 936 518 -41-

196 634 325 697 iudices
348 642 595 714 provocaverat,
619 632 651 694 id
676 633 765 714 quod
789 654 863 697 raro
887 633 1008 698 factum
1032 655 1106 698 esse
1131 655 1149 698 e
1172 632 1297 720 (Dem.)
1321 652 1368 702 or,
1386 631 1430 694 40

196 722 289 806 (adv.
314 719 422 806 Boot.)
453 719 536 804 §31
576 722 705 785 Hubert
735 725 781 804 (p.
805 722 861 804 47)
886 725 1057 804 conclusit,
1093 745 1151 787 sua
1179 725 1307 805 utrique
1331 722 1430 785 docu-

201 819 312 875 menta
327 810 558 881 reddebantur,
579 809 760 874 Arbitrium
776 811 862 875 nulla
875 813 1112 894 provocatione
1129 814 1279 898 solutum,
1296 810 1430 874 archon·

195 901 289 964 tibus
313 899 432 964 eodem
457 898 510 963 die
534 900 806 964 subscribendum
831 902 979 978 dabatur,
1005 910 1040 966 ut
1062 911 1167 966 ratum
1183 903 1285 968 fieret.
1311 900 1432 963 Omnia

203 998 313 1053 autem
336 988 466 1052 arbitria
490 988 532 1051 ab
567 1009 608 1051 eo
639 989 841 1070 magistratu,
878 992 969 1054 cuius
1003 991 1046 1053 ad
1076 990 1182 1055 forum
1214 989 1431 1074 pertinebant,

203 1078 392 1160 priusquam
415 1078 459 1140 ad
480 1078 656 1142 archontes
686 1080 843 1153 venirent,
868 1080 1053 1161 subscripta
1076 1100 1150 1144 esse
1172 1079 1346 1144 verisimile
1371 1085 1433 1152 est,

197 1168 263 1231 sed
287 1175 377 1230 certa
399 1167 596 1230 documenta
615 1187 681 1229 non
704 1176 846 1236 exstant.
870 1168 962 1231 Haec
979 1171 1126 1251 quamvis
1142 1169 1184 1232 ab
1202 1169 1339 1233 Huberti
1363 1186 1434 1230 sen·

198 1257 306 1322 tentia
330 1256 467 1319 multum
491 1255 648 1332 differant,
674 1276 718 1318 ex
741 1255 920 1320 Aristotele
943 1258 1098 1340 colligere
1121 1257 1207 1327 licet.

247 1345 316 1410 Sed
339 1365 434 1421 nunc,
470 1365 565 1427 quae,
602 1364 644 1408 ne
675 1365 793 1410 sensus
825 1348 1127 1429 interrumperetur,
1159 1347 1251 1410 brevi
1282 1347 1433 1428 exposui,

198 1444 368 1498 oratorum
391 1442 426 1498 et
449 1436 734 1515 grammaticorum
757 1434 839 1498 locis
862 1437 1061 1517 comparatis
1085 1437 1267 1500 accuratius
1291 1434 1433 1516 probare

203 1543 390 1605 suscipiam.

247 1613 301 1675 Ac
324 1614 463 1694 primum
488 1611 620 1695 quidem
643 1611 773 1677 Hubert
796 1612 842 1697 (p.
867 1612 933 1695 45),
958 1613 1012 1696 qui
1030 1616 1297 1695 provocationem
1321 1611 1364 1674 ab
1388 1631 1434 1674 ar·

201 1702 298 1766 bitris
322 1701 365 1764 ad
389 1700 512 1764 iudices
535 1721 602 1764 non
619 1703 735 1764 eadem
761 1722 848 1782 cura,
873 1723 937 1786 qua
956 1712 1074 1782 cetera,
1099 1703 1250 1767 tractavit
1259 1703 1296 1784 ¹),
1321 1710 1435 1764 contra

202 1791 361 1855 Meierum
385 1788 429 1876 (p.
456 1787 509 1875 28)
533 1790 711 1866 contendit,
736 1791 799 1855 litis
822 1792 1034 1855 instrumenta
1056 1811 1187 1874 semper
1206 1791 1239 1854 in
1254 1791 1342 1855 urnis
1359 1810 1434 1853 con-

205 1881 272 1944 dita
303 1890 337 1944 et
367 1879 542 1960 obsignata
572 1898 662 1959 esse,
697 1881 765 1942 sive
788 1883 979 1960 provocatio
1011 1879 1102 1945 fieret
1134 1882 1202 1944 sive
1233 1902 1299 1944 non
1331 1880 1434 1944 fieret.

202 1970 295 2032 Haec
317 1967 479 2032 sententia
502 1987 568 2030 non
592 1971 694 2032 modo
717 1969 906 2034 Aristotelis
929 1970 1046 2050 verbis,
1072 1971 1126 2053 qui
1144 1972 1267 2052 ἐχίνους
1290 1972 1351 2033 nisi
1363 1988 1436 2049 pro·

201 2060 375 2122 vocatione
399 2057 485 2119 facta
508 2077 573 2120 non
602 2057 793 2141 obsignatos
817 2079 889 2121 esse
912 2068 1026 2140 aperte
1050 2059 1144 2139 dicit,
1170 2059 1339 2134 refutatur,
1374 2057 1436 2121 sed

197 2151 303 2213 etiam
327 2168 400 2210 cum
423 2146 693 2227 Harpocrationis
717 2148 931 2211 adnotatione
947 2169 972 2216 s.
990 2169 1021 2212 v.
1034 2149 1194 2233 dictamni,
1219 2150 1284 2212 iam
1307 2147 1435 2228 pridem

203 2246 293 2316 nota,
307 2236 460 2318 coniungi
473 2234 561 2298 nullo
578 2235 679 2298 modo
696 2245 818 2316 potest.
843 2237 945 2317 Apud
960 2237 1047 2300 illum
1064 2240 1149 2302 enim
1166 2239 1249 2301 haec
1265 2238 1434 2318 leguntur:

202 2328 257 2390 καί
280 2327 309 2389 εἰ
328 2326 388 2407 μὲν
411 2327 526 2407 ἤρεσκε
556 2331 621 2394 τοῖς
653 2325 836 2396 ἀντιδίκοις,
868 2327 958 2396 τέλος
988 2328 1068 2408 εἶχεν
1092 2330 1111 2410 ἡ
1137 2327 1209 2410 δίκη
1226 2347 1233 2360 ·
1250 2327 1286 2389 εἰ
1306 2327 1349 2389 δὲ
1372 2328 1436 2408 μή,

196 2416 239 2479 ad
263 2414 445 2498 ἐγκλήματα
469 2416 524 2477 καὶ
554 2414 610 2483 τὰς
640 2415 833 2498 προκλήσεις
863 2416 918 2478 καὶ
947 2415 1004 2485 τάς
1033 2417 1219 2498 μαρτυρίας,
1257 2417 1299 2478 ἔτι
1323 2414 1436 2477 δὲκαὶ

201 2505 277 2575 τοὺς
298 2505 421 2586 νόμους
454 2504 508 2566 καὶ
531 2502 586 2573 τὰς
610 2503 708 2573 ἄλλος
731 2505 848 2573 πίστεις
870 2505 1035 2586 ἑκατέρων
1059 2505 1251 2588 ἐμβαλόντες
1274 2505 1317 2572 εἰς
1345 2503 1436 2566 καδί·

194 2618 300 2664 unove
322 2594 377 2657 καί
401 2593 622 2676 σημηνάμενοι
644 2593 861 2674 παρεδίδοσαν
894 2601 960 2664 τοῖς
990 2595 1191 2675 είςαγαηιεῦσι
1220 2599 1286 2657 τῶν
1321 2593 1432 2655 δικῶν.

194 2682 442 2746 'Grammaticus
455 2690 604 2745 accurate
617 2682 785 2764 distinguit
797 2681 838 2766 (εί
847 2682 882 2745 δὲ
894 2682 953 2770 μή)
961 2683 1044 2746 inter
1055 2683 1236 2764 simplicem
1248 2683 1313 2745 litis
1325 2681 1434 2760 finem,

200 2774 228 2836 si
252 2771 362 2834 arbitri
385 2772 547 2835 sententia
570 2770 698 2852 utrique
722 2772 915 2835 certantium
932 2772 1096 2853 placebat,
1120 2781 1153 2835 et
1169 2771 1434 2853 obsignationem

200 2863 325 2942 ἐχίνων,
343 2860 369 2921 si
386 2860 582 2941 provocatio
598 2859 686 2923 sacta
703 2871 782 2929 erat.
806 2861 899 2923 Idem
916 2880 1031 2924 sensus
1047 2881 1066 2924 e
1081 2861 1222 2924 Pollucis
1238 2860 1335 2947 (VlIl,
1358 2859 1433 2942 127)

200 2950 320 3030 verbis,
346 2949 494 3030 quamvis
518 2949 665 3012 mutilata
683 2953 756 3034 sint,
781 2950 897 3018 elucet.
931 2949 998 3012 Sed
1022 2959 1153 3030 praeter
1175 2959 1321 3014 veterum
1346 2949 1434 3012 testi-

201 3039 310 3103 monia
339 3039 412 3118 ipsa
442 3037 658 3119 probabilitas
689 3039 827 3102 eandem
852 3041 1044 3101 sententiam
1069 3038 1225 3108 defendit,
1266 3038 1323 3101 Cui
1349 3039 1434 3100 enirn

201 3129 291 3192 bono
315 3136 408 3192 erant
432 3127 630 3189 documenta
654 3128 831 3190 certamine
854 3127 956 3204 finito,
981 3129 1172 3210 praesertim
1198 3148 1271 3190 cum
1289 3126 1433 3188 Athenis

194 3218 339 3280 eandem
364 3237 495 3279 causam
519 3217 591 3296 plus
621 3236 719 3297 quarn
743 3217 845 3278 semel
868 3236 968 3298 agere
992 3217 1066 3298 lege
1090 3219 1224 3280 vetitum
1248 3215 1363 3279 esset?
1398 3216 1434 3276 In

200 3307 270 3370 aliis
294 3314 401 3368 autem
426 3305 533 3368 causis
557 3314 674 3386 postea
706 3306 845 3385 agendis
881 3315 969 3368 certe
992 3326 1058 3369 non
1082 3306 1218 3368 multum
1242 3304 1433 3385 proderant.

200 3397 287 3460 Nam
311 3403 346 3456 ut
370 3394 509 3457 Romani
534 3414 661 3457 summa
694 3395 861 3475 diligentia
885 3415 1001 3458 causas
1033 3395 1270 3475 praecedentes
1291 3395 1375 3455 inter
1397 3412 1434 3456 se

199 3486 322 3549 similes
345 3482 565 3564 conferebant,
589 3484 633 3545 ita
656 3483 773 3547 Graeci
797 3486 950 3548 scientiae
967 3484 1041 3546 iuris
1065 3504 1199 3564 parvam
1215 3502 1349 3563 operam
1374 3483 1433 3544 im·

202 3577 411 3656 pertiverunt.
436 3573 550 3636 Inutile
574 3582 644 3637 erat
668 3575 820 3650 exempla
844 3582 877 3634 et
901 3573 1099 3636 documenta
1118 3571 1291 3646 cumulare,
1318 3571 1435 3652 quibus

203 3683 301 3727 nemo
325 3671 475 3729 uteretur.

247 3751 315 3815 Sed
338 3751 470 3816 obstare
494 3751 638 3833 videtur,
663 3751 753 3834 quod
778 3753 866 3813 actio
888 3752 934 3833 μὴ
959 3753 1067 3834 οὔσης,
1100 3752 1126 3812 si
1151 3752 1221 3833 quis
1246 3750 1368 3811 absens
1392 3748 1435 3810 ab

193 3841 325 3905 arbitro
349 3841 587 3904 condemnatus
611 3849 689 3920 erat,
714 3841 797 3902 intra
820 3840 935 3901 decem
958 3840 1030 3902 dies
1054 3848 1130 3921 post
1154 3840 1277 3903 dictam
1302 3847 1435 3900 senten-

200 3932 281 3994 tiam
305 3930 426 3993 institui
449 3929 625 4012 poterat2).
674 3929 762 4012 Quid
787 3948 877 4010 ergo,
908 3929 936 3990 si
961 3931 1160 3991 documenta
1184 3947 1251 3989 non
1276 3925 1434 3989 aderant?

201 4019 277 4082 Hoc
301 4037 379 4080 sane
403 4029 490 4081 esset
510 4019 640 4101 aliquid,
666 4019 692 4080 si
715 4019 757 4080 ad
781 4017 945 4082 actionem
969 4019 1016 4100 μὴ
1042 4020 1140 4100 οὔσης
1157 4017 1221 4080 litis
1237 4016 1436 4078 documenta
1550 4013 1553 4018 ’

202 4107 388 4172 necessaria
400 4105 549 4186 luissent.
573 4109 622 4171 At
645 4107 710 4170 hoc
734 4127 832 4169 unum
850 4106 1078 4188 quaerebatur,
1102 4127 1178 4168 num
1195 4106 1435 4167 condemnatus

198 4199 286 4260 iusta
309 4197 351 4258 de
374 4216 472 4258 causa
496 4197 618 4260 arbitrii
643 4198 697 4260 die
722 4195 865 4261 afuisset.
903 4194 936 4258 Si
960 4195 1026 4258 hoc
1049 4195 1231 4269 videbatur,
1256 4213 1307 4255 res
1331 4195 1362 4256 in
1386 4193 1436 4254 in-

239 4393 261 4460 1)
280 4395 353 4443 Idem
372 4393 497 4458 vituperat
517 4392 663 4442 Landwehr
681 4394 708 4441 in
728 4393 915 4444 Wochenschr.
934 4393 950 4441 f.
970 4392 1046 4444 klass.
1064 4391 1158 4442 Philol.
1177 4390 1226 4452 III,
1245 4406 1271 4453 p.
1293 4387 1383 4451 251l2.

239 4463 263 4532 Ε)
283 4466 323 4517 Cf.
342 4465 407 4517 Poll.
427 4465 500 4526 VIII,
521 4464 562 4514 60.
582 4465 689 4514 Photius
711 4481 729 4513 s.
750 4481 773 4513 v.
792 4460 829 4528 μὴ
851 4460 916 4513 οὖσα
936 4461 1007 4527 δίκη.
