3330 5234
732 501 930 561 ..6-

226 671 415 758 §26-30.
440 671 488 734 At
523 673 573 732 nis
603 673 683 751 ipsis
718 671 797 734 locis
822 672 935 734 nescio
960 672 1128 751 quomodo
1163 672 1238 736 viris
1264 673 1369 734 doctis
1394 673 1459 733 im·

226 761 345 841 plicare
368 760 501 845 placuit,
526 780 610 842 quae
633 760 798 841 explicare
823 760 1012 825 debuerunt.

272 849 354 913 Cum
385 851 481 930 igitur
506 850 738 913 Demosthenis
769 850 831 911 loci
861 850 903 911 ad
936 870 1121 928 numerum,
1153 849 1373 924 sortitionem,
1404 850 1461 911 ius

225 940 405 1016 iurandum,
431 938 569 1020 denique
604 939 645 1000 ad
681 940 944 1002 constitutionem
981 938 1107 1020 collegii
1132 939 1325 1001 arbitrorum
1349 937 1456 1020 publi-

226 1048 339 1089 corum
364 1048 429 1089 non
453 1028 659 1107 pertinerent,
684 1027 766 1089 haec
790 1049 808 1089 e
831 1029 943 1090 lexicis
960 1027 1124 1091 veteribus
1148 1027 1332 1108 supplenda
1348 1037 1451 1090 erant.

225 1116 328 1180 Multa
351 1126 470 1196 tamen,
496 1137 569 1178 cum
593 1137 612 1178 a
637 1120 751 1178 ceteris
768 1117 929 1179 disiuncta
953 1125 1073 1193 essent,
1100 1118 1241 1179 obscura
1264 1116 1454 1180 manebant.

225 1205 278 1266 Ex
301 1205 488 1268 Aristotelis
512 1205 593 1268 libro
620 1208 661 1268 de
684 1206 872 1286 republica
895 1205 1143 1269 Atheniensium
1173 1205 1292 1268 multae
1317 1206 1452 1287 quidem

225 1296 513 1374 grammaticorum
536 1295 766 1357 adnotationes
790 1303 1010 1374 manaverunt,
1043 1295 1102 1356 sed
1126 1315 1191 1357 non
1215 1315 1339 1371 omneS,
1363 1295 1453 1357 unde

225 1384 377 1463 eflicitur,
419 1393 454 1446 ut
478 1385 524 1446 eis
547 1405 587 1446 ne
620 1405 704 1444 nunc
728 1384 859 1468 quidem
883 1384 1097 1464 supersedere
1122 1383 1295 1464 possimus,
1342 1383 1453 1446 Unum

225 1482 354 1535 constat
377 1474 609 1554 grammaticos
633 1473 821 1535 Aristotelis
857 1472 973 1535 librum
1009 1474 1140 1536 novisse
1172 1482 1204 1537 et
1235 1473 1452 1552 excerpsisse.

225 1560 290 1624 Cur
314 1571 422 1624 autem
447 1583 512 1625 non
537 1583 594 1624 eos
618 1563 743 1626 fructus
766 1563 841 1624 inde
858 1563 1014 1644 ceperint,
1039 1582 1122 1642 quos
1145 1582 1264 1642 capere
1287 1569 1453 1642 poterant,

225 1647 318 1712 facile
343 1651 549 1732 intellegitur.
596 1652 713 1731 Neque
744 1651 828 1714 enim
860 1651 962 1714 multo
994 1660 1071 1733 post
1090 1659 1259 1720 ,oratorum
1283 1650 1452 1713 illustrium

225 1749 365 1803 aetatem
390 1740 583 1802 arbitrorum
622 1739 795 1821 collegium
830 1741 959 1803 evanuit
993 1750 1027 1803 et
1057 1741 1342 1822 grammaticorum
1366 1748 1451 1802 tem-

225 1830 360 1909 poribus
384 1831 551 1909 antiquum
575 1839 610 1892 et
634 1832 833 1910 incognitum
859 1828 964 1915 eracl).

270 1919 365 2000 Quae
395 1918 436 1979 de
461 1918 650 1982 Aristotelis
680 1918 763 1979 libro
796 1939 899 1999 nuper
927 1926 1056 1999 reperto
1085 1920 1205 1997 scripta
1229 1927 1311 1993 sunt,
1341 1918 1455 1980 omnia

224 2009 363 2088 inspexi,
411 2007 523 2088 Atque
548 2027 661 2068 omnes
686 2008 817 2088 quidem
843 2028 910 2086 eos
948 2008 1003 2088 qui
1027 2010 1059 2069 in
1083 2009 1262 2070 secundam
1287 2008 1354 2070 eius
1378 2007 1451 2069 libri

224 2107 350 2179 partem
374 2097 517 2158 studium
541 2105 787 2171 converterunt,
825 2097 954 2176 Lipsius
986 2096 1083 2176 longe
1114 2094 1315 2182 anteveniet
1361 2097 1447 2158 Tum

182 2211 192 2216 “
225 2187 340 2250 studiis
376 2187 457 2248 meis
503 2187 566 2248 iam
606 2186 768 2248 adfinem
803 2187 971 2266 perductis
1005 2185 1086 2247 liber
1121 2187 1163 2246 de
1203 2186 1452 2267 antiquitatibus

224 2276 358 2338 Graecis
382 2295 401 2336 a
425 2273 601 2359 Busoltio³)
627 2277 768 2355 scriptus
803 2276 984 2358 iterumque
1015 2275 1119 2336 editus
1154 2276 1351 2354 supervenit,
1388 2297 1449 2337 nec

224 2365 324 2429 multo
349 2374 426 2445 post
440 2365 618 2426 Hermanni
642 2364 850 2444 antiquitates
861 2364 1008 2426 Graecae
1031 2364 1258 2427 aThumserio
1282 2373 1452 2427 correctae

224 2465 257 2517 et
280 2452 422 2536 auctae4)
447 2462 674 2535 apparuerunt,
724 2453 818 2534 Quae
850 2453 939 2535 apud
975 2454 1037 2515 hos
1072 2462 1222 2515 auctores
1259 2454 1300 2514 de
1323 2454 1450 2516 arbitris

223 2543 360 2624 publicis
376 2545 533 2623 leguntur,
559 2542 703 2622 plurimis
727 2544 759 2604 in
782 2543 879 2605 rebus
903 2563 978 2606 mea
1002 2564 1075 2604 cum
1093 2545 1253 2604 sententia
1269 2563 1450 2624 congruere

223 2633 378 2713 equidem
404 2650 613 2711 summopere
629 2631 772 2712 gaudeo.
795 2632 844 2693 Ita
860 2633 955 2708 enim,
981 2652 1064 2713 quae
1081 2632 1152 2711 ipse
1176 2632 1292 2710 inveni,
1317 2632 1448 2696 illorum

223 2742 354 2803 quoque
390 2741 519 2783 summa
564 2720 756 2803 auctoritate
788 2723 937 2783 nituntur.
984 2719 1147 2782 Nonnulla
1169 2741 1266 2798 vero,
1300 2741 1383 2803 quae
1405 2723 1449 2787 illi

223 2812 347 2873 minora
360 2818 511 2890 putantes
529 2809 714 2882 omiserunt,
733 2811 829 2871 etiam
843 2830 929 2872 nunc
945 2829 997 2873 me
1010 2810 1236 2890 suppleturum
1249 2831 1322 2874 esse
1338 2831 1447 2891 spero,

269 2899 469 2982 Ceterorum,
494 2900 548 2978 qui
574 2900 615 2961 de
640 2898 698 2960 Ar.
710 2897 778 2962 ’Ad
804 2901 877 2964 πολ.
901 2898 1002 2960 verba
1024 2896 1182 2975 lecerunt,
1207 2900 1260 2961 alii
1285 2903 1326 2962 de
1350 2901 1448 2964 rebus

222 2989 394 3067 historiciS,
419 3008 503 3070 quae
515 2989 622 3067 priore
639 2987 708 3049 libri
725 2987 924 3050 Aristotelici
948 2996 1041 3070 parte
1066 2990 1280 3066 continentur,
1306 2990 1448 3070 disputa·

224 3086 355 3155 verunt,
388 3077 457 3152 alii,
490 3097 565 3138 num
589 3076 672 3138 liber
702 3079 859 3159 genuinus
894 3079 936 3140 sit
969 3097 1089 3153 necne,
1123 3079 1360 3159 quaesiverunt,
1394 3079 1447 3141 alii

223 3168 424 3229 coniecturas
438 3175 665 3242 exercuerunt,
689 3167 741 3228 alii
754 3167 915 3247 epitomas
931 3168 1128 3247 scripserunt
1143 3176 1280 3249 urgente
1296 3177 1448 3248 tempore

223 3257 327 3318 minus
351 3264 530 3317 accuratas.
569 3253 777 3334 Singulorum
801 3257 934 3317 nomina
956 3255 1069 3317 afferre
1085 3256 1219 3337 longum
1236 3265 1303 3332 cst;
1329 3258 1448 3339 quibus

222 3345 341 3425 aliquid
367 3344 486 3419 debe0,
512 3363 623 3405 eorum
649 3364 708 3406 suo
733 3365 896 3425 quemque
920 3343 993 3406 loco
1018 3345 1171 3414 laudabo,

266 3434 408 3496 Athenis
449 3433 515 3494 duo
554 3453 676 3513 genera
713 3434 905 3496 arbitrorum
944 3432 1069 3518 fuisse⁵)
1100 3435 1243 3496 omnium
1276 3436 1447 3498 doctorum

222 3543 383 3585 consensu
407 3523 575 3602 probatur.
624 3523 912 3585 Hudtwalckerum
945 3525 1045 3584 secuti
1069 3543 1167 3585 unum
1192 3523 1342 3604 publicos
1365 3525 1447 3587 arbi-

220 3622 299 3686 tros
332 3611 468 3674 alterum
503 3612 647 3693 privatos
679 3612 844 3692 appellare
877 3614 1112 3675 consuevimus,
1160 3613 1227 3675 Sed
1258 3615 1347 3674 haud
1378 3617 1446 3676 scio

221 3722 261 3763 an
285 3703 469 3781 germanice
501 3703 605 3781 aptius
631 3702 848 3781 distinguendi
879 3703 941 3763 sint
972 3702 1051 3762 Los-
1082 3702 1148 3763 und
1173 3701 1444 3765 Wahldiaeteten.

219 3899 379 3911 -———

265 3987 287 4045 1)
308 3988 346 4037 Cf.
366 3985 426 4038 Lex.
447 3988 519 4038 Cam.
540 4005 565 4054 p.
586 3989 645 4039 673.
666 3989 735 4038 Intra
753 3986 768 4054 ξ
792 3988 830 4040 12.

263 4057 287 4126 2)
306 4059 421 4108 Berichte
439 4060 503 4110 tiber
522 4061 562 4108 die
578 4060 794 4124 Verbandlungen
813 4061 859 4110 der
873 4061 906 4112 K.
916 4060 1003 4111 Sichs.
1015 4061 1075 4111 Ges.
1095 4063 1120 4112 d.
1131 4063 1171 4112 W.
1191 4078 1221 4110 zu
1238 4063 1344 4127 Leipzig
1371 4060 1446 4114 1891.

218 4149 243 4197 p·
262 4131 400 4266 llssfiisolt,
419 4203 468 4253 Die
488 4203 667 4264 griechischen
678 4202 772 4252 Staats·
792 4205 844 4252 und
855 4203 1123 4255 Rechtsalterthtimer.
1144 4203 1166 4253 2.
1188 4205 1255 4254 Aufl.
1276 4204 1447 4269 (Immunem

218 4274 320 4323 Handb.
341 4274 366 4326 d.
380 4272 454 4324 class.
467 4274 615 4324 Artem-W.
635 4274 683 4337 IV,
703 4273 732 4336 l).

262 4342 283 4406 4)
303 4345 436 4392 Lehrbuch
447 4346 494 4393 der
504 4345 598 4406 griech.
610 4345 780 4396 Staatsaltert.
801 4362 849 4394 von
861 4345 890 4393 C.
900 4346 940 4393 Fr.
951 4346 1092 4400 Hermann.
1112 4347 1135 4396 6.
1149 4347 1217 4396 Aufl.
1238 4363 1288 4397 von
1308 4348 1447 4399 Thumser.

218 4415 341 4478 Freiburg
360 4417 376 4469 i.
397 4416 424 4467 B.
447 4417 513 4465 1892
534 4415 564 4478 (Ι,
585 4415 620 4481 2).

263 4483 283 4550 ⁶)
303 4486 340 4534 cf.
361 4489 435 4535 Dein.
457 4489 525 4550 (adv.
544 4487 659 4552 Aphob.)
679 4501 716 4536 or.
738 4487 771 4535 29
791 4484 806 4554 ἓ
826 4486 867 4538 58.
