3330 5234
706 458 928 522 ..14-

194 639 350 712 -quattuor
373 630 564 694 arbitrorum
588 630 633 693 ita
656 632 809 707 continet,
834 639 870 693 ut
894 629 1042 710 singulae
1066 629 1169 692 tribus
1193 631 1316 692 varium
1340 628 1424 690 arbi·

187 730 317 782 trorum
341 738 510 781 numerum
534 719 720 798 praebeant,
757 720 960 794 Acamantis,
995 717 1242 800 Hippothontis,
1278 718 1419 780 Aeantis

196 829 274 870 casu
298 828 445 870 novenos
468 807 607 871 arbitros
631 809 797 871 exhibent.
844 808 954 871 Unum
986 827 1046 886 pro
1071 817 1161 871 certo
1185 807 1422 880 affirmaverim,

196 898 222 958 si
246 897 379 977 Bergkii
403 897 513 959 titulus
538 897 700 960 mutilatus
725 919 791 960 non
814 897 918 960 solum
942 896 1045 959 tribus
1076 898 1127 958 vel
1151 905 1306 978 quattuor
1327 895 1424 958 tribu·

197 987 259 1048 bus
282 985 421 1047 totidem
445 985 584 1048 arbitros
618 987 755 1062 tribuat,
792 987 852 1049 sed
887 985 1028 1050 eundem
1061 985 1213 1048 omnibus
1244 1003 1422 1059 numerum,

196 1075 327 1154 Bergkii
353 1075 573 1135 coniecturam
597 1095 663 1136 non
685 1078 788 1138 minus
812 1075 926 1138 salsam
951 1094 1033 1148 esse,
1067 1094 1163 1156 quam
1187 1084 1306 1158 cetera,
1339 1093 1423 1156 quae

194 1164 243 1224 vir
268 1163 475 1225 doctissimus
508 1163 549 1224 de
574 1165 642 1243 pari
667 1165 861 1227 arbitrorum
893 1183 1071 1226 numeroe
1106 1163 1239 1244 singulis
1273 1161 1422 1224 tribubus

196 1260 328 1332 sumpto
353 1261 385 1313 et
402 1251 443 1314 de
459 1252 607 1314 universo
631 1272 765 1315 numero
790 1262 920 1316 centum
943 1251 1115 1332 sexaginta
1138 1252 1189 1316 vel
1209 1252 1423 1313 ducentorum

198 1341 412 1421 quadraginta
435 1340 487 1402 vel
511 1341 651 1422 denique
674 1343 985 1423 quadringentorum
1001 1341 1217 1424 quadraginta
1231 1339 1424 1402 arbitrorum

131 1475 138 1484 .
197 1431 292 1492 nimis
315 1430 473 1491 audacter
496 1430 644 1498 coniecit.
693 1429 787 1510 Quae
812 1453 885 1494 cum
909 1450 974 1492 non
998 1430 1197 1510 argumentis
1221 1429 1332 1503 m0d0,
1365 1427 1424 1490 sed

198 1518 296 1580 rebus
331 1519 409 1598 ipsis
443 1516 629 1595 refutentur,
667 1528 848 1600 praetereo.
907 1517 1009 1582 Simul
1045 1527 1077 1580 et
1113 1515 1320 1601 Rangabei1)
1353 1537 1423 1580 sen-

189 1608 305 1680 tentia,
332 1607 385 1688 qui
410 1607 616 1686 ἒπιλαχόντας
640 1609 832 1672 arbitrorum
862 1606 960 1672 fuisse
984 1606 1149 1670 existimat
1158 1606 1185 1691 2)
1218 1616 1252 1669 et
1281 1607 1425 1669 Wester·

198 1697 305 1758 manni
316 1693 338 1780 ³)
370 1705 484 1758 acutae
515 1695 587 1759 illae
611 1698 752 1778 quidem,
786 1697 845 1760 sed
869 1697 1071 1760 artificiosae·
1088 1696 1130 1759 de
1153 1695 1281 1758 arbitris
1305 1715 1323 1757 e
1346 1694 1424 1757 iudi-

198 1785 289 1846 cibus
313 1783 488 1846 heliasticis
512 1787 660 1848 creandis
683 1788 975 1849 commentationes
999 1793 1151 1848 corruunt
1173 1794 1207 1849 et
1230 1783 1423 1851 dilabuntur.

197 1873 302 1936 Nobis
326 1872 506 1936 Aristotele
532 1875 616 1938 duce
640 1875 693 1936 hic
710 1877 906 1956 argutiarum
921 1876 1026 1938 nodus
1042 1873 1231 1954 simpliciter
1247 1874 1424 1937 solvendus

199 1972 260 2025 est.
309 1961 415 2042 Supra
446 1962 739 2026 demonstravimus
769 1966 857 2027 cives
890 1965 1132 2044 sexagesimum
1164 1962 1279 2025 aetatis
1303 1981 1425 2023 annum

198 2061 334 2132 agentes
357 2050 550 2113 arbitrorum
575 2073 707 2116 munere
730 2053 857 2116 functos
882 2072 964 2115 esse.
997 2053 1159 2114 Numerus
1174 2052 1270 2131 igitur
1288 2050 1423 2131 singulis

198 2141 290 2202 annis
313 2160 377 2200 non
401 2159 532 2220 semper
553 2142 640 2202 idern
666 2139 862 2226 manebat4).
893 2141 959 2204 Tot
982 2140 1091 2203 arbitri
1115 2149 1216 2219 erant,
1241 2148 1321 2223 quot
1337 2140 1425 2204 cives

199 2231 441 2309 sexagesimum
464 2231 580 2292 aetatis
604 2251 723 2292 annum
747 2231 900 2312 agebant,
925 2230 978 2292 vel
1001 2231 1110 2310 potius
1132 2237 1183 2292 tot
1198 2229 1319 2305 arbitri,
1344 2237 1425 2311 quot

198 2339 244 2381 ex
268 2318 327 2379 illis
351 2325 440 2380 sorte
464 2319 664 2390 creabantur,

243 2408 326 2468 Nam
349 2406 417 2468 fieri
440 2409 554 2486 potuit,
579 2419 614 2470 ut
637 2429 702 2470 non
727 2430 841 2472 omnes
864 2409 907 2471 ad
930 2408 1007 2471 illud
1031 2428 1147 2470 munus
1171 2407 1321 2471 destinati
1336 2416 1425 2470 sorte

198 2496 270 2559 lites
294 2497 482 2575 acciperent
506 2497 548 2558 ad
564 2497 784 2562 iudicandum.
821 2498 895 2560 Hoc
919 2499 982 2558 iam
999 2495 1136 2580 sergio)
1160 2505 1194 2557 et
1210 2495 1426 2581 Landwehr⁶)

193 2585 501 2662 animadverterunt,
528 2587 673 2668 quamvis
696 2586 777 2649 falsa
800 2588 830 2648 in
855 2587 1036 2648 universum
1055 2587 1095 2648 de
1112 2584 1241 2647 a'rbitris
1258 2585 1424 2649 sentirent.

194 2673 374 2753 Collegium
412 2681 521 2734 autem
555 2674 747 2737 arbitrorum
783 2695 826 2738 ex
857 2676 1006 2737 omnibus
1032 2675 1211 2756 designatis
1239 2673 1423 2737 constabat.

192 2763 221 2824 E
245 2763 360 2844 quibus
385 2781 442 2823 eos
466 2762 571 2826 solum
595 2764 745 2826 laudatos
770 2774 803 2827 et
827 2785 949 2827 corona
984 2765 1124 2826 donatos
1156 2783 1229 2824 esse
1253 2771 1426 2825 consenta-

193 2871 290 2913 neum
315 2860 373 2928 est,
399 2853 452 2932 qui
477 2851 566 2914 litem
590 2854 642 2914 vel
666 2873 763 2916 unam
787 2862 876 2915 sorte
893 2862 1090 2933 acceperant
1107 2861 1140 2914 et
1156 2851 1424 2919 diiudicaverant.

237 2941 350 3021 ltaque
375 2959 418 3001 ex
434 2940 488 3001 illo
505 2942 597 3004 titulo
614 2963 633 3002 a
649 2943 767 3004 Rossio
792 2942 890 3017 edit0,
916 2942 1006 3024 quod
1030 2941 1072 3004 ad
1096 2960 1264 3003 numerum
1290 2939 1426 3020 desig·

193 3039 385 3092 natorum
418 3028 609 3094 arbitrorum
642 3032 766 3116 attinet,
798 3052 865 3093 non
897 3031 941 3094 ita
975 3031 1112 3093 multum
1136 3029 1278 3110 intellegi
1302 3037 1423 3109 potest.

193 3119 303 3182 Unum
327 3127 464 3197 apparet
482 3117 621 3182 Anticlis
645 3118 764 3206 anno⁷)
789 3129 919 3184 centum
945 3128 1099 3202 quattuor
1115 3119 1255 3181 arbitros
1279 3119 1322 3180 ad
1346 3119 1426 3181 iudi-

194 3209 334 3270 candum
352 3208 474 3269 electos
490 3227 580 3282 esse;
607 3217 687 3290 quot
711 3219 798 3272 sorte
822 3211 987 3290 praeteriti
1005 3211 1078 3283 sint,
1103 3210 1303 3288 ignoramus,
1350 3205 1427 3269 Alia

193 3299 317 3358 ratione
343 3294 517 3382 Goodell⁸)
548 3317 715 3360 numerum
747 3298 940 3361 arbitrorum
972 3306 1162 3378 computare
1199 3304 1335 3359 conatus
1365 3305 1424 3358 est.

195 3385 361 3449 Conclusit
396 3379 480 3445 enirn
517 3406 561 3448 ex
595 3389 721 3467 anglica
756 3389 899 3469 quadam
925 3387 1133 3449 mortalitatis
1164 3385 1276 3449 tabula
1285 3383 1308 3470 ⁹)
1344 3393 1426 3447 inter

193 3475 305 3554 viginti
328 3473 424 3535 millia
458 3475 574 3536 civium
599 3496 697 3556 supra
722 3476 945 3556 duodeviginti
969 3495 1071 3536 annos
1098 3482 1248 3537 natorum
1273 3472 1426 3536 CCXXV

194 3561 258 3624 sere
282 3571 422 3625 aetatem
446 3564 706 3645 undesexaginta
729 3585 887 3627 annorum
911 3563 1044 3639 habere,
1081 3584 1178 3644 quem
1202 3582 1373 3624 numerum
1397 3563 1425 3624 si

197 3723 357 3736 *—

240 3808 262 3873 1)
283 3812 417 3874 Rangabe,
436 3812 496 3862 Ant.
517 3813 683 3878 uellentques,
702 3814 752 3863 vol.
773 3815 808 3876 II,
827 3830 853 3878 p.
877 3815 935 3862 767.

239 3878 261 3945 2)
281 3884 312 3931 cs.
334 3883 437 3932 Hubert
455 3900 480 3948 p.
502 3879 571 3950 24l5.

240 3950 261 4016 ³)
280 3953 382 4004 Bericht
412 3955 455 4004 ub.
476 3955 500 4002 d.
522 3957 552 4007 V.
573 3956 599 4005 d.
619 3956 652 4005 K.
675 3954 700 4006 S.
721 3957 752 4007 G.
773 3956 796 4005 d.
818 3955 858 4004 W.
879 3975 907 4007 zu
940 3955 1053 4019 Leipzig.
1084 3953 1160 4016 1849,
1178 3970 1204 4017 p.
1231 3954 1282 4026 438
1308 3969 1346 4018 sq.
1385 3953 1424 4002 Cf.

190 4025 302 4073 Hubert
322 4041 347 4089 p.
369 4026 410 4075 25.

231 4095 252 4194 l)
273 4096 501 4216 {f'rTiumrlervi'
519 4097 584 4216 iiio
659 4169 706 4218 2’1

231 4167 253 4304 ..l
272 4205 458 4290 uoihelsclr.
478 4205 495 4291 εἶ
516 4239 550 4290 u.
570 4183 660 4290 lala.
680 4183 729 4292 iri.
748 4255 774 4303 p.
794 4239 884 4304 sain.

231 4307 253 4408 i)
272 4308 356 4430 llll
375 4310 519 4445 lorilr'onr
535 4382 618 4431 Philo!
647 4381 697 4429 xu
726 4382 740 4430 3
816 4380 867 4434 3⁹0

230 4385 253 4508 ⁹l
273 4419 468 4516 Nortllampton
485 4453 554 4501 table
574 4453 604 4501 os
619 4418 750 4516 mortality'
766 4397 972 4517 (pllibbssllssO).
