3330 5234
736 467 958 530 ..45-

235 647 430 708 mutationes
461 646 558 707 etiam
581 645 642 706 XL
664 644 804 707 virorum
836 644 886 706 bis
910 645 1064 723 meminit,
1095 653 1130 708 ut
1154 647 1287 727 quando
1310 646 1466 727 primum,

234 735 368 814 quando
385 735 500 796 iterum
517 734 652 796 instituti
667 735 741 814 sint,
766 732 1015 814 comperiamus.
1040 733 1113 795 Hos
1129 743 1238 797 autem
1262 735 1352 798 locos
1369 736 1466 802 dico:

281 822 360 902 Cap.
388 822 437 898 16,
462 822 499 884 l:
525 823 593 905 ἅμα
617 821 653 885 δὲ
675 824 858 905 συνέβαινεν
880 824 970 904 αὐτῷ
993 819 1050 910 (se.
1075 821 1309 908 Πεισιστράτῳ)
1332 825 1387 887 καὶ
1410 823 1469 896 τὰς

235 913 420 992 προσόδους
443 913 585 991 γίνεσθαι
614 913 745 995 μείζους
776 912 1028 995 ἑξεργαζομένης
1060 919 1115 995 τῆς
1143 913 1278 998 χώρας·
1295 913 1466 994 ἐπράττετο

235 1000 296 1081 γὰρ
321 1001 385 1062 ἀπὸ
408 1006 474 1063 τῶν
489 1002 688 1083 γιγνομένων
703 1001 838 1084 δεκάτην
856 1020 862 1033 ·
879 999 929 1063 διδ
955 1001 1009 1064 καὶ
1030 1000 1105 1071 τοὺς
1127 1001 1209 1064 κατὰ
1232 1001 1358 1084 δήμους
1374 1026 1467 1066 κατε·

237 1092 371 1152 σκεύασε
384 1089 533 1160 δικαστὰς
544 1091 598 1153 καὶ
611 1089 707 1158 αὐτὸς
723 1090 806 1170 ἐξῄει
822 1089 976 1160 πολλάκις
999 1090 1042 1158 εἰς
1065 1091 1122 1174 τὴν
1144 1091 1256 1172 χώραν
1272 1092 1463 1154 ἐπισκοπῶν

234 1179 288 1241 καὶ
323 1178 463 1241 διαλύων
492 1179 567 1249 τοὺς
599 1179 866 1262 διαφερομένους,
903 1179 996 1247 ὅπως
1018 1179 1065 1261 μὴ
1089 1180 1330 1261 καταβαίνοντες
1362 1181 1406 1248 εἰς
1427 1181 1466 1244 τὸ

229 1269 311 1329 «ἄστυ
334 1269 546 1349 παραμελῶσι
568 1273 634 1332 τῶν
658 1269 776 1349 ἀγρῶν.
817 1268 999 1330 Pisistratus
1031 1267 1128 1348 igitur
1151 1287 1311 1350 pagorum
1335 1269 1465 1334 iudices

233 1358 368 1419 instituit
378 1355 401 1442 1)
425 1376 464 1418 eo
489 1356 634 1433 consili0‚
659 1365 694 1420 ut
717 1358 828 1419 rustici
848 1376 946 1436 agros
962 1356 1072 1437 quiete
1089 1367 1283 1420 exercerent
1299 1364 1333 1418 et
1349 1356 1465 1438 procul

228 1445 274 1506 ab
299 1445 378 1506 urbe
402 1455 581 1525 manerent,
606 1466 679 1508 cum
703 1445 776 1508 lites
800 1465 912 1509 eorum
936 1446 1078 1526 privatas
1102 1447 1226 1526 etipse
1249 1454 1405 1526 tyrannus
1430 1455 1465 1510 et

233 1535 331 1597 XXX
356 1535 412 1597 viri
436 1555 541 1616 pagos
565 1543 777 1615 peragrantes
798 1534 1021 1596 diiudicarent.
1047 1534 1118 1596 Nec
1142 1537 1238 1614 enim,
1263 1544 1298 1597 ut
1321 1555 1464 1617 aequum

228 1632 415 1686 etcertum
447 1625 496 1686 ius
521 1631 780 1704 assequerentur,
812 1625 844 1685 in
867 1623 982 1685 urbem
1006 1623 1052 1686 ire
1076 1624 1297 1704 cogebantur,
1330 1644 1391 1686 nec
1416 1625 1464 1688 eis

227 1713 276 1774 ad
299 1731 367 1773 rem
398 1712 561 1792 publicam
594 1714 752 1776 accedere
786 1713 818 1773 in
842 1721 985 1774 mentem
1009 1712 1171 1776 veniebat.
1218 1713 1302 1776 Nam
1326 1712 1463 1792 plebem

233 1801 367 1862 inertem
400 1809 432 1862 et
463 1822 618 1864 novarum
650 1821 756 1864 rerum
791 1802 944 1882 cupidam
975 1802 1007 1863 in
1030 1801 1143 1864 urbem
1170 1802 1360 1863 contrahere
1384 1802 1460 1865 Pisi·

227 1898 349 1952 stratus
364 1890 525 1969 tyrannidi
541 1890 762 1970 periculosum
782 1886 1037 1971 pestiferumque
1054 1890 1273 1954 existimabat
1300 1891 1464 1954 Numerus

231 1979 370 2042 iudicum
395 1979 476 2041 κατὰ
501 1979 655 2061 δήμους
648 1999 712 2040 ram
735 1979 795 2040 illis
819 1979 1023 2059 temporibus
1040 1979 1137 2041 XXX
1160 1974 1227 2060 fuit
1251 1979 1283 2040 id
1301 1979 1393 2060 quod
1416 1999 1462 2042 ex

228 2067 276 2130 alt
264 2077 335 2130 tero
360 2067 544 2129 Aristotelis
567 2069 713 2130 locot
667 2088 698 2129 m
700 2067 872 2148 tellegitur.

276 2155 356 2238 Cap.
383 2156 433 2226 26
459 2156 533 2237 ξδε
559 2160 617 2220 ἔτει
640 2157 675 2219 δὲ
698 2158 840 2240 πέμπτῳ
860 2156 943 2268 μετὰ
966 2180 1062 2218 ταυτα
1087 2158 1138 2219 έτιι
1130 2155 1422 2239 Λυσικράτους”
1400 2181 1459 2238 op·

229 2243 429 2330 yovroe²l
399 2271 429 2310 οι
451 2247 619 2328 τριάκοντα
635 2246 778 2308 diacoma
794 2246 988 2329 κατέστησαν
1004 2246 1099 2308 πάλιν
1115 2247 1146 2308 οἱ
1160 2247 1355 2328 καλούμενοι
1378 2247 1460 2310 κατὰ

231 2335 367 2416 δήμους.
393 2333 427 2397 Si
450 2337 582 2416 triginta
604 2336 661 2397 viri
684 2335 863 2416 Lysicratis
886 2355 972 2396 anno
996 2355 1137 2397 rursus
1161 2335 1294 2396 instituti
1318 2344 1402 2410 sunt,
1428 2343 1463 2399 et

229 2426 369 2503 primum
393 2425 525 2504 triginta
547 2424 643 2486 luisse
668 2433 920 2486 consentaneum
945 2433 1004 2486 est.
1046 2423 1187 2504 Quando
1212 2432 1322 2487 autem
1346 2423 1462 2489 aboliti

229 2514 302 2587 sint,
335 2533 532 2595 quamquam
563 2513 761 2576 Aristoteles
788 2514 906 2588 omisit,
942 2515 1010 2575 sine
1038 2512 1228 2574 difficultate
1256 2532 1462 2592 cognoscere

227 2601 311 2663 licet.
358 2602 456 2664 XXX
489 2603 546 2664 viri
585 2623 604 2663 a
636 2602 802 2664 Pisistrato
835 2610 974 2680 tyranno
1005 2603 1140 2664 instituti
1181 2621 1254 2663 cum
1287 2603 1462 2681 tyrannide

230 2699 427 2753 evanuerunt
436 2689 469 2776 3)
494 2691 561 2754 Sed
578 2692 752 2770 sexaginta
767 2689 834 2752 fere
850 2693 942 2752 annis
958 2700 1046 2770 post,
1064 2711 1138 2753 cum
1154 2710 1317 2772 pagorum
1334 2691 1461 2754 iudices

230 2780 480 2859 restituerentur
506 2800 571 2841 non
596 2780 700 2842 solum
723 2799 875 2840 numerus
899 2787 1006 2842 serva
1006 2801 1045 2841 us
1070 2788 1130 2854 est,
1156 2781 1215 2841 sed
1232 2798 1273 2840 ne
1290 2781 1371 2842 ratio
1390 2781 1461 2862 qui·

230 2869 307 2928 dem
332 2870 473 2930 muneris
497 2867 653 2951 iungendi
677 2876 766 2930 muta
768 2875 883 2930 ttaes
862 2867 976 2931 tSic
999 2867 1111 2930 Aristo
1113 2868 1185 2931 telis
1208 2851 1394 2931 verbat
1335 2889 1378 2950 op
1382 2871 1461 2933 time

230 2957 398 3037 explicant
400 2978 445 3020 ur.
470 2958 555 3020 Nam
579 2958 622 3019 ad
645 2955 801 3020 Pisistrati
779 2957 952 3020 tinstitut
954 2957 1062 3020 ionem
1087 2956 1190 3020 solam
1207 2958 1369 3037 pertinere
1393 2978 1462 3021 non

230 3054 377 3128 possunt,
403 3066 486 3128 quae
510 3046 554 3108 ibi
578 3047 734 3129 legimus:
773 3049 806 3109 οἳ
836 3048 993 3128 πρότερον
1024 3046 1085 3127 μὲν
1108 3047 1188 3129 ἦσαν
1211 3048 1380 3127 τριάκοντα
1405 3047 1460 3112 και

230 3134 310 3198 κατὰ
335 3135 462 3218 δήμους
485 3137 657 3218 περιιόντες
680 3136 837 3212 ἐδίκαζον.
862 3137 968 3198 Immo
992 3135 1065 3217 plus
1081 3137 1156 3198 inde
1172 3135 1248 3196 mihi
1265 3134 1461 3198 concluden-

231 3225 308 3285 dum
332 3224 470 3300 videtur,
495 3233 530 3286 ut
553 3226 634 3286 inter
659 3245 694 3286 se
719 3225 893 3304 oppositos
918 3244 992 3286 esse
1018 3225 1122 3286 dicam
1139 3223 1235 3286 XXX
1250 3225 1336 3286 viros
1353 3244 1461 3307 pagos

230 3322 441 3393 peragrantes
477 3323 510 3376 et
543 3313 604 3375 XL
638 3315 741 3387 viroS,
779 3333 913 3375 numero
948 3314 990 3375 ab
1021 3312 1158 3375 Euclide
1182 3321 1291 3392 aucto,
1324 3314 1354 3374 in
1379 3313 1460 3376 urbe

230 3403 432 3481 iudicantes,
473 3404 532 3464 etsi
560 3402 758 3465 Aristoteles
789 3422 977 3483 supremum
1021 3402 1202 3465 membrum
1242 3403 1461 3483 oppositionis

231 3491 350 3556 omisit.
390 3491 482 3552 Haec
505 3491 644 3575 Lipsii4)
676 3493 835 3553 sententia
860 3500 920 3570 est,
954 3492 1007 3572 qui
1038 3491 1080 3553 ab
1106 3491 1249 3554 Euclidis
1274 3511 1359 3552 anno
1384 3511 1459 3554 con·

230 3590 346 3642 ventus
369 3580 510 3642 rusticos
534 3581 647 3644 haberi
672 3582 797 3642 desitos
821 3600 895 3643 esse
919 3588 1022 3660 putat.
1047 3580 1174 3643 Eadem
1198 3579 1264 3641 fere
1288 3578 1416 3661 anrea⁵)
1441 3601 1461 3642 e

231 3670 352 3748 Lysiae
375 3689 422 3735 or.
437 3669 479 3730 23
503 3669 577 3732 adv.
594 3668 704 3737 Pankl.
723 3673 740 3749 ξ
758 3668 1004 3744 2concluserat‚
1028 3689 1114 3731 anno
1131 3689 1196 3732 non
1214 3667 1358 3743 definito,
1383 3689 1459 3732 cum

232 3757 274 3818 ab
299 3758 487 3820 auctoribus
512 3759 751 3826 destitueretur.

274 3846 368 3908 Haec
393 3848 435 3908 de
458 3847 594 3910 historia
609 3847 669 3908 XL
684 3849 823 3910 virorum
848 3847 1013 3910 afferenda
1036 3855 1144 3922 erant;
1170 3865 1255 3908 nunc
1279 3847 1358 3928 quid
1381 3847 1460 3912 inde

232 3935 273 3996 de
297 3935 488 3999 arbitrorum
512 3936 712 4000 institutione
737 3936 890 4017 colligere
913 3936 1018 4012 liceat,
1044 3955 1243 4017 quaeramus

267 4111 289 4179 1)
308 4115 403 4163 iniuria
428 4115 459 4167 R.
480 4115 521 4164 W.
540 4115 633 4162 Maean
658 4112 760 4179 (Journ.
787 4114 817 4162 of
839 4114 909 4165 Hell.
936 4113 1007 4164 Stud.
1026 4113 1086 4166 XII.
1109 4113 1130 4174 1,
1150 4130 1177 4178 p.
1198 4113 1241 4179 38)
1267 4113 1318 4164 hoc
1345 4112 1404 4164 loco
1428 4116 1461 4164 de

228 4186 378 4235 Aristotelis
397 4185 448 4234 fide
468 4186 573 4235 dubitat.

266 4254 330 4321 2)α.
350 4253 473 4322 45312a.
495 4257 555 4306 Chr.
576 4274 599 4311 n.

308 4328 347 4380 Cl.
368 4330 476 4391 Kenyon
496 4325 600 4394 ed..²p
622 4328 680 4380 129.

266 4325 432 4495 {lberiehte
444 4408 493 4450 etc.
518 4399 628 4463 1891p.
649 4400 691 4452 56.
758 4433 761 4438 -

266 4467 343 4535 ⁶.)D
357 4478 402 4520 att.
417 4467 533 4536 Proc.p²
537 4471 589 4521 .93
609 4471 695 4520 adul
686 4469 742 4519 1.48
