3330 5234
687 549 907 611 ,21-

174 725 421 807 cognoscimus.
447 724 541 807 Quae
565 725 709 809 denique
732 735 924 807 argumenta
948 725 984 790 C.
1001 725 1052 790 Fr.
1071 726 1239 791 Hermann
1249 725 1273 808 1)
1297 726 1414 788 adver-

177 835 236 877 sus
260 815 454 878 arbitrorum
479 814 701 878 iusiurandum
725 815 880 896 protulit,
912 835 997 879 nunc
1026 836 1093 878 non
1117 815 1222 879 solum
1246 815 1357 879 Meieri
1381 823 1415 878 et

176 903 321 967 Huberti
344 903 461 983 verbiS,
485 903 546 966 sed
570 903 761 967 Aristotelis
784 905 978 967 auctoritate
1003 901 1198 968 refelluntur.

759 1079 833 1166 §u

243 1224 306 1301 De
335 1220 465 1332 ἀτιμίᾳ
496 1227 641 1302 arbitri
670 1247 836 1302 causam
865 1228 1077 1324 suscipere
1105 1229 1348 1302 recusantis

225 1419 278 1482 Ex
301 1417 416 1482 eadem
442 1417 484 1480 de
509 1418 706 1482 arbitrorum
730 1419 873 1482 muneris
896 1419 985 1482 initio
1009 1419 1180 1495 sententia,
1217 1438 1316 1500 quam
1340 1438 1412 1499 pro·

180 1509 273 1572 xima
306 1506 514 1588 paragrapho
550 1506 773 1588 defendimus,
811 1508 1000 1572 Aristotelis
1029 1508 1199 1571 adnotatio
1231 1509 1273 1570 de
1305 1507 1413 1590 ἀτιμίᾳ

175 1597 292 1660 arbitri
316 1615 449 1658 causam
472 1596 672 1677 repudiantis
698 1616 830 1661 manare
854 1597 1001 1660 videtur:

226 1705 298 1766 cap.
326 1684 400 1746 LIII
430 1682 452 1770 ξ
477 1685 497 1748 5
520 1685 575 1749 καὶ
598 1686 780 1766 ἀναγκαῖον,
818 1689 857 1756 ἃς
885 1689 924 1749 ἂν
947 1687 1079 1756 ἕκαστος
1103 1686 1183 1767 λάχῃ
1207 1684 1335 1758 διαίτας,
1360 1684 1413 1748 ἐκ·

175 1775 313 1843 διαιτᾶν.
345 1772 441 1855 ὁγὰρ
456 1774 566 1856 νόμος,
591 1776 631 1837 ἅν
645 1799 691 1846 τις
713 1776 761 1860 μὴ
775 1776 900 1858 γένηται
924 1774 1083 1860 διαιτητὴς
1106 1782 1160 1858 τῆς
1175 1775 1299 1858 ἡλικίας
1323 1774 1413 1855 αὐτῷ

175 1864 402 1948 καθηκούσης,
427 1864 540 1944 ἄτιμον
555 1864 633 1927 εἶναι
648 1865 776 1940 κελεύει,
801 1865 885 1948 πλὴν
910 1864 965 1928 ἐὰν
988 1867 1066 1945 τύχῃ
1091 1865 1194 1947 ἀρχὴν
1211 1864 1322 1944 ἅρχων
1345 1862 1413 1926 τινὰ

176 1955 217 2017 ἐν
239 1947 352 2035 ἐκείνῳ
375 1955 424 2033 τῷ
446 1947 582 2034 ἐνιαυτῷ
606 1956 626 2036 ἢ
650 1954 844 2038 ἀποδημῶν.
870 1951 958 2017 οὗτοι
980 1953 1128 2022 δ’ἀτελεῖς
1150 1953 1207 2015 εἰσὶ
1230 1952 1336 2034 μόνοι.

228 2041 352 2123 Capitis
374 2040 472 2124 igitur
494 2039 672 2105 deminutio
697 2043 725 2104 ei
742 2043 925 2124 impendet,
947 2044 1001 2125 qui
1025 2062 1158 2104 causam
1183 2050 1272 2104 sorte
1296 2061 1412 2123 accep·

175 2140 250 2194 tam
281 2129 459 2193 diiudicare
490 2138 628 2194 recusat.
677 2130 767 2211 Quid
797 2141 906 2194 autem
938 2130 1012 2211 lege
1043 2133 1086 2193 ab
1110 2129 1289 2201 Aristotele
1315 2129 1413 2192 allata

175 2218 328 2284 iubetur?
352 2218 435 2280 Eum
451 2219 559 2299 capite
575 2219 727 2296 deminui,
752 2222 806 2301 qui
822 2229 964 2283 aetatem
981 2221 1216 2302 praescriptam
1244 2227 1413 2282 assecutus

179 2308 301 2372 arbiter
317 2327 383 2370 non
395 2306 461 2376 fiat.
478 2307 569 2390 Ergo
585 2309 740 2372 arbitrum
753 2309 822 2372 fieri
838 2318 873 2372 et
889 2328 1020 2370 causam
1037 2309 1246 2371 iudicandum
1263 2308 1413 2387 accipere

177 2399 269 2461 idem
292 2397 388 2472 valet,
420 2404 453 2458 et
481 2397 510 2458 is
542 2397 676 2460 demum
707 2417 742 2461 re
775 2417 852 2460 vera
882 2397 1002 2460 arbiter
1032 2397 1077 2473 fit,
1110 2397 1160 2458 cui
1184 2396 1291 2476 aliqua
1314 2415 1414 2459 causa

181 2496 272 2550 sorte
299 2485 481 2548 mandatur.
528 2485 603 2548 Hoc
635 2486 767 2568 quidem
798 2505 842 2548 ex
873 2485 1062 2549 Aristotelis
1085 2485 1193 2548 verbis
1224 2484 1413 2548 luculentis·

181 2575 266 2638 sime
289 2584 437 2656 apparet.

229 2664 320 2746 Quae
344 2683 423 2728 vero
446 2661 645 2726 Aristoteles
668 2664 733 2728 hoc
756 2664 831 2727 loco
857 2665 967 2742 docet,
995 2663 1112 2727 eadem
1136 2662 1225 2744 apud
1247 2663 1411 2727 Pollucem

180 2749 277 2830 (VIII.
307 2752 381 2834 126)
404 2752 557 2834 legimus:
594 2753 648 2816 καὶ
680 2754 787 2836 ἀτιμία
812 2755 979 2836 ἀφώριστο
1002 2757 1050 2835 τῷ
1071 2754 1118 2836 μὴ
1142 2753 1333 2835 ὁιαιτήσανιι
1355 2752 1412 2834 τὴν

180 2837 460 2926 ἓιιιιιληραιάεἲααν
484 2842 613 2905 δίαιταν.
640 2841 708 2906 Sed
732 2842 871 2906 Pollucis
888 2843 989 2906 verba
1013 2842 1112 2905 fidem
1129 2862 1194 2904 non
1211 2843 1412 2917 invenerunt,

179 2951 258 2995 cum
281 2930 340 2993 viri
366 2931 456 2993 docti
477 2929 586 2993 locum
611 2939 801 3012 corruptum
833 2933 973 3013 ideoque
998 2932 1226 3012 corrigendum
1250 2938 1412 3012 putarent.

183 3023 269 3085 Nam
294 3019 410 3083 ceteris
433 3022 720 3099 grammaticorum
752 3020 832 3084 locis
856 3021 1055 3102 comparatis
1079 3019 1215 3082 Pollucis
1246 3018 1347 3081 verba
1370 3019 1414 3081 ad

180 3111 319 3173 alteram
343 3108 429 3170 illam
445 3109 570 3190 ἀτιμίαν
585 3110 687 3171 relata
710 3120 795 3183 sunt,
820 3129 914 3193 quae,
939 3110 965 3171 si
991 3111 1062 3191 quis
1085 3107 1195 3170 arbitri
1219 3107 1324 3168 officia
1348 3107 1415 3170 lae-

184 3209 283 3276 serat,
307 3197 481 3278 εἰσαγγελίᾳ
503 3197 715 3277 irrogabatur.
763 3199 835 3261 Nec
854 3199 983 3279 species
1000 3197 1162 3278 quaedam
1179 3195 1414 3279 probabilitatis

185 3288 394 3352 coniecturae
417 3287 529 3348 Meieri
556 3285 666 3362 defuit,
692 3286 745 3368 qui
769 3288 955 3357 nutriendi
979 3287 1113 3354 δικαίως
1135 3285 1309 3365 supplevit,
1349 3285 1415 3347 Hu-

181 3378 259 3440 bert
291 3372 336 3459 (p.
362 3373 415 3459 54)
450 3383 483 3437 et
517 3374 674 3459 Lipsiusss)
706 3395 780 3438 eum
812 3378 915 3439 secuti
939 3385 1023 3444 sunt.
1070 3373 1195 3438 Omnes
1219 3382 1414 3436 erraverunt.

185 3465 326 3529 Pollucis
349 3465 434 3528 enim
458 3464 559 3527 verba
582 3484 648 3527 non
671 3465 714 3527 ad
738 3466 929 3546 εἰσαγγελίαν
952 3466 1109 3528 adversus
1143 3462 1312 3545 improbos
1336 3461 1416 3524 arbi·

184 3565 256 3618 tros
279 3553 460 3616 adhibitam
483 3554 657 3633 pertinent,
682 3553 741 3616 sed
765 3555 807 3616 ad
832 3575 905 3617 eam
929 3574 1081 3634 poenam,
1107 3572 1192 3636 quae
1206 3552 1328 3614 arbitro
1344 3571 1416 3613 cau·

186 3664 257 3707 sam
281 3643 449 3722 suscipere
472 3642 633 3705 recusanti
649 3642 896 3728 impendebam).
923 3645 994 3706 Nec
1011 3642 1089 3704 mihi
1107 3662 1145 3703 ea
1161 3661 1213 3702 res
1237 3651 1304 3702 tam
1327 3638 1416 3701 fabu-

185 3732 260 3795 losa
280 3732 421 3808 videtur,
445 3752 541 3813 quam
558 3731 681 3794 Meiero
707 3730 752 3816 (p.
775 3730 834 3818 15).
861 3731 951 3812 Quid
967 3733 1052 3794 enim
1069 3727 1192 3793 facilius
1215 3738 1294 3807 erat,
1318 3748 1416 3808 quam

187 3841 261 3883 eam
285 3839 427 3902 poenam
457 3819 697 3882 atrocissimam
729 3820 874 3883 evitare?
906 3820 1045 3884 Causam
1073 3827 1162 3882 sorte
1193 3825 1365 3898 acceptam
1389 3817 1417 3880 si

188 3912 260 3992 quis
284 3909 439 3986 subierat,
462 3909 544 3991 legis
568 3911 725 3976 severitas
750 3909 825 3972 nthl
849 3909 986 3978 valebat,
1011 3908 1081 3970 Nec
1105 3927 1183 3970 vero
1207 3926 1335 3981 causae,
1361 3925 1418 3967 cur

188 3999 241 4062 illa
261 3998 318 4061 lex
348 3997 414 4060 lata
444 3999 502 4074 sit,
535 3997 696 4060 obscurae
720 4006 804 4061 sunt.
851 3998 972 4061 Multos
1004 3998 1088 4059 enim
1114 3992 1210 4059 fuisse
1236 3994 1416 4076 putandum

182 4097 249 4164 est,
275 4087 329 4170 qui
352 4089 420 4149 sive
436 4087 599 4149 iudicandi
623 4087 769 4149 laborem
786 4087 837 4148 vel
854 4087 1044 4168 εἰσαγγελίας
1067 4085 1246 4166 periculum
1264 4092 1417 4163 artesque

185 4177 389 4241 inimicorum
412 4178 512 4258 veriti,
538 4176 605 4237 sive
628 4175 887 4258 propinquorum
912 4174 1047 4238 caritate
1070 4175 1121 4236 vel
1139 4174 1317 4235 amicorum
1342 4191 1418 4233 cura

226 4336 250 4402 1)
268 4337 384 4388 Vorrede
396 4352 451 4386 zum
464 4337 618 4399 Marburger
629 4337 857 4402 Lectionskatalog
874 4333 978 4402 1833l4,
992 4353 1017 4401 p.
1033 4338 1056 4386 5.
1070 4335 1100 4386 C.
1114 4335 1155 4386 Fr.
1170 4336 1314 4393 Hermann,
1334 4332 1418 4380 Lehr·

185 4411 256 4460 buch
277 4411 301 4462 d.
316 4425 352 4472 gr.
369 4407 495 4458 Staatsnlt.
514 4405 606 4472 ἓ145,
625 4408 683 4460 adn.
699 4407 740 4458 20.

227 4478 251 4546 λ)
270 4483 304 4530 D.
323 4487 368 4531 att.
389 4475 517 4530 Process²
536 4494 594 4541 pag.
610 4479 670 4543 334,
689 4479 748 4528 adr».
762 4479 821 4528 384.

228 4549 252 4616 ³.)
272 4551 312 4604 CI.
327 4551 425 4612 Busolt,
443 4566 469 4615 p.
483 4550 543 4598 271.
562 4550 584 4597 T
587 4551 690 4599 humser
708 4566 734 4614 p.
749 4549 808 4602 293.
