3330 5234
752 485 973 549 ...39-

294 661 388 725 Haec
404 662 534 725 minime
550 673 745 744 congruunt
768 664 863 726 Nunc
886 682 964 726 vero
989 663 1081 726 novis
1104 663 1298 726 adiumentis
1322 665 1406 726 aucti
1430 673 1476 773 et·

249 752 312 816 iam
336 751 423 812 hanc
447 749 667 815 difficultatem
692 751 783 815 facile
806 753 1058 816 removebimus

295 839 351 902 Ab
382 839 482 902 Arist.
461 847 579 920 t.cap
605 839 647 902 53
671 839 690 924 ἓ
715 842 734 904 5
757 842 881 906 initium
911 841 1097 923 disputandi
1128 835 1300 905 faciamus:
1347 841 1410 905 Τὸν
1442 841 1477 905 δὲ

248 929 422 993 τελευταῖον
455 933 520 991 τῶν
555 930 741 1012 ἐπωνύμων
775 932 923 1014 λαβόντες
947 932 977 994 oi
1009 930 1236 1011 τετταράκοντα
1271 930 1479 1014 διανέμουσιν

249 1019 356 1086 αὐτοῖς
378 1018 434 1086 τὰς
457 1018 575 1086 διαίτας
597 1019 651 1081 καί
675 1020 912 1103 ἕπικληροῦσιν,
935 1023 973 1089 ἃς
989 1021 1122 1090 ἕκαστος
1138 1019 1295 1103 διαιτήσει.
1319 1019 1394 1082 Hoc
1410 1040 1476 1083 sor·

249 1107 371 1171 titionis
403 1103 543 1168 officium
579 1109 719 1187 primum
743 1109 785 1170 ad
809 1130 865 1171 eas
889 1103 1015 1184 causae,
1052 1128 1136 1190 quae
1160 1109 1204 1170 ad
1226 1105 1329 1173 sorum
1353 1109 1415 1172 XL
1436 1109 1478 1171 vi-

250 1216 359 1260 rorum
383 1191 582 1258 deferendae
614 1205 720 1274 erant,
746 1199 940 1278 pertinuisse
965 1206 1218 1260 consentaneum
1244 1207 1304 1266 est.
1351 1196 1477 1262 Sedet

249 1285 351 1348 verba
373 1283 559 1346 Aristotelis
583 1294 617 1349 et
640 1287 828 1366 exemplum
852 1286 1054 1368 polemarchi
1063 1285 1088 1368 1)
1112 1296 1145 1349 et
1160 1285 1298 1349 fortasse
1315 1287 1477 1366 euthyno·

249 1372 354 1458 rum2)
378 1373 531 1454 colligere
555 1375 755 1460 permittunt,
780 1385 910 1439 ceteros
934 1378 1143 1456 magistratus
1167 1374 1305 1437 arbitros
1321 1377 1477 1439 sortiendi

248 1471 448 1546 potestatem
463 1481 529 1524 non
545 1462 700 1526 habuisse
717 1465 776 1526 sed
792 1466 855 1528 XL
870 1467 955 1526 viros
972 1465 1062 1527 adire
1079 1464 1241 1542 debuisse,
1261 1472 1297 1527 ut
1312 1466 1478 1540 arbitrum,

250 1553 304 1636 qui
319 1571 386 1614 rem
402 1552 575 1634 acciperet,
591 1561 680 1614 sorte
693 1561 850 1615 crearent.
864 1552 931 1616 Sed
944 1553 1124 1616 accuratius
1137 1554 1401 1635 distinguendum
1417 1563 1479 1622 est.

288 1639 542 1703 ‘Polemarchum
568 1642 652 1703 enim
677 1650 711 1704 et
735 1642 897 1722 euthynos
921 1662 974 1704 res
998 1663 1016 1704 a
1039 1640 1111 1704 foro
1134 1663 1195 1705 suo
1219 1643 1369 1706 remissas
1391 1650 1480 1705 totas

249 1729 311 1793 XL
322 1729 398 1792 viris
421 1730 551 1791 tradere
574 1730 732 1806 videmuS,
758 1732 858 1796 ceteri
882 1734 1105 1816 magistratuS,
1129 1731 1189 1794 etsi
1213 1731 1339 1794 arbitris
1363 1751 1480 1794 causas

249 1819 456 1881 instruendas
480 1827 513 1880 et
536 1819 727 1882 iudicandas
752 1821 993 1895 mandaverant,
1018 1829 1129 1884 tamen
1153 1823 1259 1902 ἔφεσιν
1283 1821 1476 1900 retinebant,

250 1908 270 1970 i.
295 1928 322 1972 e.
348 1908 375 1969 si
399 1909 591 1988 provocatio
616 1906 725 1984 tiebat,
750 1930 815 1972 non
839 1911 881 1972 ad
904 1929 1065 1992 pagorum
1090 1909 1222 1985 iudices,
1248 1911 1302 1990 qui
1326 1909 1479 1972 arbitrum

253 2007 342 2059 sorte
365 1996 542 2077 elegerant,
567 1998 629 2059 sed
652 1998 695 2060 ad
723 2019 816 2061 suum
840 2018 990 2082 quaeque
1013 2001 1239 2079 magistratum
1264 2019 1316 2060 res
1340 1998 1480 2066 redibat.

254 2083 356 2166 Quod
368 2085 528 2165 Harpocr.
554 2082 590 2170 (s.
608 2109 638 2150 v.
656 2087 819 2174 διαιτηταί)
834 2089 953 2152 rectius
968 2107 1066 2171 quam
1083 2087 1279 2150 Aristoteles
1296 2089 1480 2168 exprimere

252 2175 389 2249 uidetur,
415 2194 488 2237 cum
505 2176 608 2239 dicat:
634 2178 689 2242 καὶ
713 2179 936 2261 σημηνάμενοι
959 2176 1175 2258 παρεδίδοσαν
1197 2183 1262 2245 ταῖς
1278 2178 1481 2258 εἶσαγωγεῦσι

252 2269 318 2326 τῶν
343 2264 452 2337 δικῶν,
490 2285 563 2326 cum
595 2264 796 2330 Aristoteles
827 2263 910 2351 (cap.
937 2266 990 2350 52,
1016 2264 1084 2350 2f3)
1117 2266 1184 2326 eius
1208 2266 1301 2329 unius
1324 2286 1481 2346 provoca·

253 2353 348 2414 tionis
372 2355 561 2426 meminerit,
587 2374 670 2435 quae
694 2356 736 2417 ad
753 2355 816 2418 XL
831 2356 919 2417 viros
943 2353 1118 2416 deserenda
1133 2353 1239 2439 erat3).
1265 2352 1331 2417 Sed
1349 2355 1378 2416 ei
1402 2374 1480 2435 quo·

254 2461 317 2523 que
341 2443 561 2523 magistratus,
586 2445 641 2523 qui
665 2443 729 2506 hoc
754 2444 854 2505 modo
878 2463 947 2505 rem
971 2444 1098 2506 arbitris
1116 2443 1303 2506 mandatam
1326 2442 1396 2505 foro
1420 2462 1480 2506 suo

252 2530 472 2606 reservabant,
497 2531 635 2594 arbitros
659 2552 724 2594 non
747 2534 837 2612 ipsos
858 2532 1005 2614 elegisse,
1029 2533 1089 2595 sed
1113 2532 1326 2614 quadraginta
1340 2531 1483 2594 virorum

253 2638 356 2701 opera
388 2620 517 2700 eguisse
549 2620 625 2682 mihi
658 2621 791 2702 quidem
822 2621 983 2685 videntur.
1024 2620 1088 2702 Qui
1112 2641 1185 2684 cum
1209 2621 1271 2685 soli
1295 2621 1482 2700 catalogum

253 2708 447 2773 arbitrorum
472 2708 609 2771 fortasse
641 2710 683 2771 ab
707 2711 784 2792 ipsis
808 2710 980 2792 δοκιμασίᾳ
1008 2719 1199 2773 renovatum
1231 2719 1264 2773 et
1296 2718 1481 2772 correctum

253 2797 287 2859 in
303 2798 450 2860 manibus
464 2797 632 2880 haberent,
656 2800 825 2880 praeteriri
841 2820 907 2861 non
923 2808 1086 2880 poterant,
1111 2798 1166 2862 Sic
1181 2799 1266 2861 viam
1284 2799 1326 2862 ad
1343 2799 1481 2861 arbitros

252 2887 312 2949 nisi
337 2906 397 2968 per
419 2887 481 2949 XL
493 2887 579 2948 viros
603 2889 735 2951 omnino
759 2908 825 2951 non
848 2889 945 2950 fuisse
968 2886 1144 2974 efficiturl).
1177 2889 1260 2952 Inde
1285 2908 1383 2969 supra
1407 2908 1481 2949 con·

253 2974 404 3039 clusimus
428 2983 460 3037 et
485 2977 652 3056 praesides
676 2977 804 3058 collegii
821 2977 1023 3052 arbitrorum,
1049 2978 1103 3058 qui
1120 2978 1255 3059 singulis
1273 2977 1485 3040 consessibus

251 3072 436 3146 praeerant,
460 3085 479 3126 a
502 3064 564 3126 XL
587 3066 660 3128 viris
683 3077 773 3129 sorte
798 3067 978 3128 destinatos
1003 3087 1085 3133 esse.

297 3153 392 3216 Haec
415 3155 497 3216 ratio
521 3154 603 3216 inter
625 3155 764 3218 arbitros
789 3163 821 3216 et
844 3175 1005 3236 pagorum
1028 3155 1151 3217 iudices
1168 3155 1400 3229 intercedebat,
1426 3156 1482 3216 im·

253 3242 362 3325 plicita
385 3243 438 3304 illa
461 3243 592 3323 quidem
624 3252 657 3305 et
688 3264 847 3305 annorum
872 3264 968 3306 cursu
992 3243 1148 3325 paulatim
1172 3253 1305 3319 mutata,
1339 3243 1483 3306 dilucida

251 3351 331 3394 vero
355 3340 387 3393 et
417 3330 518 3394 facilis
549 3333 591 3393 ad
615 3332 880 3413 intellegendum,
918 3335 944 3395 si
968 3333 1083 3415 prioris
1108 3332 1319 3413 simplicitatis
1343 3333 1482 3412 vestigia

253 3423 460 3503 persequaris
483 3418 541 3503 (Cf,
566 3420 644 3484 infra
667 3443 699 3502 p,
724 3417 825 3506 uisa),

289 3581 312 3647 1)
333 3584 376 3630 Ar.
393 3578 446 3631 Ἇδ.
466 3579 522 3630 πολ.
543 3598 599 3647 cap.
620 3583 662 3642 58,
680 3583 706 3634 2.

289 3651 312 3720 2)
330 3655 438 3704 Aristot.
459 3669 515 3718 cap.
533 3654 578 3714 48,
597 3655 620 3702 5.
641 3657 739 3704 Auctor
758 3656 789 3702 de
809 3654 890 3702 altero
909 3669 1004 3716 genere
1022 3650 1144 3702 εὐδυνῶν
1162 3654 1227 3702 haec
1247 3655 1325 3703 dicit:
1354 3651 1369 3701 ὁ
1387 3650 1416 3702 δὲ
1434 3653 1482 3718 (sc.

253 3723 374 3788 εὔθυνος)
393 3720 483 3790 λαβὼν
509 3729 584 3774 τοῦτο
609 3725 670 3788 (ie,
688 3722 809 3774 πινάκιον
835 3729 880 3774 τοῦ
908 3722 977 3774 ἰδίαν
994 3723 1109 3774 εὔδυναν
1127 3721 1333 3790 ἐμβαλλομένου)
1352 3723 1398 3774 καὶ
1418 3722 1482 3774 ἅνα-

253 3795 337 3861 γνούς,
355 3792 400 3846 ἐὰν
418 3791 466 3859 μὲν
484 3801 606 3860 καταγνῷ
629 3795 811 3860 παραδίδωσιν
825 3792 856 3846 τὰ
873 3791 921 3859 μὲν
940 3795 993 3846 ἴδια
1007 3801 1058 3850 τοῖς
1077 3794 1211 3851 δικασταῖς
1222 3801 1274 3850 τοῖς
1284 3791 1351 3844 κατὰ
1371 3793 1482 3860 δήμους,

253 3867 280 3918 οἳ
296 3863 341 3932 τὴν
360 3864 446 3931 φυλὴν
471 3864 565 3931 ταύτην
583 3864 736 3924 δικάζουσιν
761 3875 810 3917 etc.
829 3869 873 3916 Nil
893 3868 989 3932 obstat,
1021 3868 1155 3932 quominus
1175 3875 1201 3915 et
1220 3867 1285 3916 hunc
1305 3867 1428 3929 libellum,
1455 3875 1483 3916 ut

253 3945 355 3988 ceteros
374 3955 388 3986 a
406 3940 454 3986 XL
473 3939 532 3986 viris
552 3946 673 4002 acceptos
702 3947 727 3986 et
750 3939 830 4004 pluris
856 3955 930 4003 quam
954 3941 978 3987 X
997 3940 1122 3987 drachmis
1141 3940 1290 3988 aestimatos
1310 3939 1410 3988 arbitris
1431 3945 1480 3988 tra-

253 4010 333 4059 ditum
354 4025 410 4058 esse
428 4017 552 4074 putemus.

290 4079 311 4146 ³)
331 4081 546 4130 SimiliterBusolt
564 4099 590 4146 p.
605 4081 664 4130 271.
675 4081 723 4129 His
736 4081 759 4128 in
780 4082 856 4129 rebus
874 4081 937 4128 falsa
957 4082 1026 4144 apud
1043 4081 1206 4130 Aristotelem
1220 4083 1303 4144 imago
1324 4082 1482 4144 exprimitur,

253 4167 318 4218 quae
337 4152 445 4202 arbitros
465 4168 520 4200 curn
538 4154 587 4203 XL
605 4152 663 4202 viris
680 4160 733 4201 tam
751 4161 804 4202 arte
823 4153 975 4201 coniunctos
995 4153 1108 4214 exhibet,
1127 4161 1163 4214 ut,
1181 4167 1247 4216 quae
1267 4153 1332 4201 ratio
1351 4152 1417 4201 inter
1437 4169 1483 4202 eos

253 4235 279 4274 et
297 4231 398 4273 ceteros
417 4224 575 4286 magistratus
594 4225 776 4286 intercesserit,
807 4225 959 4274 concludere
973 4224 1044 4273 nullo
1059 4225 1135 4272 modo
1148 4239 1289 4288 possemus,
1310 4223 1356 4272 nisi
1376 4225 1482 4273 alterum

253 4305 382 4344 auctorem
401 4295 552 4343 haberemus
571 4296 782 4345 Demosthenem.
803 4296 958 4346 Aristoteles
971 4303 1057 4343 autem
1076 4295 1139 4344 haec
1158 4295 1244 4346 omnia
1266 4311 1317 4345 non
1342 4296 1404 4344 satis
1425 4313 1484 4361 per·

253 4368 364 4431 spexisse
383 4367 493 4427 videtur,
522 4364 618 4431 quippe
647 4367 739 4432 quine
761 4368 877 4430 publicas
906 4367 1010 4432 quidem
1040 4383 1127 4415 causas
1155 4384 1171 4416 a
1202 4366 1307 4431 privatis
1327 4367 1483 4432 distinguere

253 4453 348 4501 operae
367 4437 474 4502 pretium
495 4437 600 4486 duxerit.

287 4508 309 4574 ⁴)
328 4511 391 4558 Ideo
412 4510 562 4570 corrigenda
582 4517 639 4558 sunt
659 4509 739 4574 Lipsii
758 4511 838 4559 verba
857 4512 882 4560 in
903 4510 935 4560 D.
957 4516 1001 4560 att.
1020 4505 1109 4558 Ριοε.2
1127 4526 1153 4573 p.
1172 4509 1214 4560 48.
