3330 5234
718 508 941 569 -44-

219 687 313 750 finita
335 685 591 767 subcriptionem
622 683 814 748 archontum
846 693 934 749 certe
964 705 1031 748 non
1054 685 1224 766 poscebat.
1265 684 1335 750 Sed
1357 685 1459 770 longe

223 775 316 838 aliter
338 795 390 836 res
413 794 449 836 se
473 773 619 838 habebat
641 776 876 857 provocatione
899 794 965 837 non
988 772 1084 850 lacta,
1110 775 1315 838 documentis
1331 773 1459 856 litigan-

221 864 311 928 tibus
342 863 490 931 redditis.
529 862 615 926 Tum
639 882 759 926 causae
782 863 852 926 finis
876 862 1049 944 impositus
1073 872 1158 941 erat,
1190 871 1258 928 tum
1282 862 1460 927 archontes

225 953 424 1017 sententiam
447 951 557 1014 arbitri
588 953 656 1015 sine
681 951 780 1015 dubio
804 952 936 1035 ἡγεμόνι
970 961 1066 1014 antea
1089 960 1252 1015 ostentam
1283 953 1326 1015 ab
1351 972 1460 1036 eoque

225 1042 443 1124 subscriptam
456 1042 575 1103 eodem
589 1042 643 1104 die
657 1041 789 1103 nomine
801 1061 861 1103 suo
876 1041 1074 1106 sanciebant.
1087 1041 1181 1104 Idem
1195 1042 1315 1104 servari
1327 1042 1460 1105 solitum

224 1150 300 1194 esse
322 1132 467 1208 videtur,
497 1132 524 1192 si
549 1132 618 1211 quis
642 1130 684 1192 ab
708 1130 829 1192 arbitro
864 1129 985 1195 absens
1000 1131 1240 1194 condemnatus
1264 1139 1350 1206 erat,
1384 1151 1461 1195 cum

224 1221 309 1282 intra
333 1219 449 1298 decem
466 1218 546 1297 dies,
570 1218 711 1282 velletne
727 1219 962 1300 provocatione
985 1219 1041 1298 uti,
1068 1219 1226 1284 incertum
1250 1228 1346 1283 esset.
1386 1219 1462 1284 Huc

227 1310 393 1390 pertinent
416 1307 470 1370 illa
493 1306 623 1389 Ulpiani
647 1307 748 1371 verba
771 1328 870 1388 supra
892 1308 1010 1376 citata·
1034 1307 1138 1389 Apud
1161 1306 1423 1370 Demosthenem
1435 1309 1461 1392 1)

227 1398 339 1462 Strato
363 1396 527 1460 arbitrium
551 1397 583 1459 in
606 1417 706 1460 causa
729 1397 935 1480 κακηγορίας,
960 1416 1044 1478 quae
1059 1398 1103 1459 ad
1118 1395 1224 1460 lorum
1239 1397 1303 1461 XL
1318 1400 1462 1460 virorum

227 1486 422 1568 pertinebat,
439 1486 682 1567 pronuntiatum
700 1485 819 1550 eodem
837 1486 889 1548 die
904 1485 1116 1548 archontibus
1133 1486 1249 1550 reddit.
1273 1485 1329 1548 Eis
1342 1487 1462 1551 Midias

226 1576 466 1639 condemnatus
489 1575 691 1655 persuadere
706 1575 826 1647 studet,
851 1583 887 1637 ut
906 1573 1074 1637 arbitrium
1090 1577 1122 1638 in
1137 1570 1275 1638 formam
1292 1575 1354 1638 sibi
1369 1596 1461 1659 pros·

228 1684 343 1746 peram
366 1664 642 1727 transscriberent
666 1673 699 1728 et
722 1663 957 1726 subscribendo
981 1672 1086 1727 ratum
1111 1664 1295 1727 redderent.

272 1754 401 1816 Eodem
428 1753 481 1814 die
505 1753 602 1814 etiam
620 1753 753 1816 echinos
777 1752 1020 1834 magistratibus
1042 1753 1225 1815 tradendos
1240 1752 1339 1816 fuisse
1355 1753 1459 1815 mani-

228 1843 346 1906 festum
363 1850 422 1914 est,
441 1843 588 1922 quamvis
605 1860 708 1923 saepe
723 1862 796 1905 eam
811 1841 920 1922 legem
935 1840 1057 1904 laesam
1074 1861 1149 1904 esse
1165 1841 1362 1918 existimem,
1386 1861 1463 1904 cum

230 1931 405 2009 accideret,
441 1938 476 1993 ut
499 1928 580 1992 hora
603 1930 726 1993 arbitrii
749 1950 769 1992 a
792 1931 939 2012 partibus
961 1930 1163 2011 litigantibus
1180 1950 1283 2014 usque
1314 1931 1357 1993 ad
1385 1931 1464 1993 mul·

229 2031 298 2084 tam
323 2028 456 2082 noctem
479 2017 735 2104 retardareturi).
773 2019 854 2082 Cum
876 2035 957 2102 ergo
979 2028 1111 2100 tempus
1135 2019 1270 2083 deesset
1292 2021 1335 2082 ad
1360 2020 1465 2102 magi·

230 2118 360 2186 stratuS,
386 2109 441 2190 qui
464 2128 603 2190 vespere
628 2110 763 2171 domum
787 2109 958 2184 redierant,
984 2109 1164 2187 adeundos,
1190 2110 1276 2171 diem
1293 2109 1465 2191 insequen-

231 2209 298 2261 tem
322 2206 500 2280 expectare
523 2217 658 2260 necesse
681 2206 760 2266 erat.

276 2288 370 2349 Haec
385 2286 452 2348 lere
469 2288 512 2350 de
528 2286 768 2368 subscriptione
784 2286 905 2349 arbitrii
917 2286 1058 2348 dicenda
1074 2295 1163 2364 sunt;
1181 2286 1243 2348 sed
1254 2286 1466 2351 intermitten-

232 2376 320 2440 tibus
344 2373 487 2439 sontibus
522 2376 723 2458 antiquitatis
746 2375 925 2458 periculum
949 2384 1010 2453 est,
1046 2395 1087 2437 ne
1111 2375 1306 2438 coniecturis
1330 2375 1466 2438 nimium

232 2466 375 2547 spatium
400 2465 610 2529 concedatur.
658 2466 754 2528 Nunc
788 2465 915 2546 singula
940 2466 1102 2546 quaedam
1133 2465 1262 2527 adicere
1286 2463 1391 2526 liceat.

277 2554 311 2617 A
341 2554 459 2616 iudicio
491 2553 552 2616 XL
585 2555 727 2617 virorum
750 2555 782 2615 in
814 2554 910 2616 rebus
941 2553 1072 2616 minoris
1102 2574 1199 2635 quam
1237 2553 1269 2616 X
1299 2554 1467 2617 drachmis

230 2644 410 2728 aestimatis
434 2645 628 2723 provocatio
660 2664 724 2705 non
747 2644 894 2723 patebat,
920 2643 1020 2724 Quod
1051 2643 1182 2707 Hubert
1204 2639 1248 2728 (p.
1266 2641 1320 2728 37)
1350 2651 1467 2706 contra

231 2733 388 2795 Meierum
412 2729 455 2817 (p,
484 2729 595 2816 19l20)
620 2729 799 2816 obtinuit³).

276 2822 369 2883 Idem
385 2820 576 2884 Aristotelis
591 2821 700 2884 verbis
717 2820 959 2901 comprobatur,
977 2839 1061 2902 quae
1078 2841 1150 2901 cap.
1161 2819 1203 2882 53
1227 2818 1246 2906 ξ
1261 2820 1278 2881 2
1296 2820 1463 2902 leguntur:

231 2911 338 2974 καὶτὰ
354 2909 415 2992 μὲν
431 2910 527 2993 μέχρι
544 2910 622 2974 δέκα
637 2909 794 2992 δραχμῶν
810 2911 1049 2979 αὐτοτελεῖς
1072 2911 1129 2972 εἶσι
1144 2909 1271 2991 κρίνειν,
1297 2911 1334 2973 τὰ
1350 2909 1466 2992 δ’ὑπὲρ

231 3006 325 3063 τοῦτο
348 2999 383 3062 τὸ
406 3000 529 3082 τίμημα
552 3006 617 3068 τοῖς
640 2999 809 3082 διαιτηταῖς
832 2999 1076 3079 παραδιδόασιν.

276 3088 382 3152 Etiam
407 3087 448 3148 de
479 3108 615 3150 numero
640 3088 782 3152 iudicum
806 3088 1071 3168 heliasticorum,
1113 3090 1167 3169 qui
1198 3108 1251 3151 res
1285 3088 1329 3150 ad
1359 3082 1466 3151 forum

233 3178 296 3241 XL
308 3178 447 3240 virorum
461 3179 660 3258 pertinentes
684 3177 916 3259 provocatione
941 3176 1026 3240 lacta
1049 3177 1244 3253 iudicabant,
1269 3176 1466 3240 Aristoteles

236 3266 319 3379 (cap.
345 3266 398 3346 53,
423 3266 455 3348 3)
480 3286 540 3328 nos
565 3267 678 3329 docuit
701 3267 752 3329 his
775 3267 900 3332 verbis:
927 3269 957 3330 oi
981 3264 1085 3351 ὃδὴ(
1085 3287 1131 3330 sc.
1147 3267 1177 3330 oi
1198 3268 1256 3350 τὴν
1280 3267 1385 3349 φαίην
1408 3272 1467 3330 τοῦ

233 3359 407 3439 φεύγοντος
429 3268 621 3442 δικαζοντες)
650 3356 889 3438 παραλαβόντες
919 3357 1096 3437 εἰσάγουσιν
1126 3356 1169 3425 εἰς
1191 3355 1227 3418 τὸ
1247 3355 1465 3462 δικαστήριον,

233 3446 271 3508 τὰ
295 3446 357 3527 μὲν
380 3445 469 3514 ἐντὸς
491 3446 601 3526 χιλίων
633 3446 677 3514 εἰς
708 3447 763 3508 ἕνα
794 3446 849 3508 καί
873 3446 1066 3517 διακοσίους,
1099 3445 1136 3507 τὰ
1161 3439 1274 3525 δ’ὖττὲρ
1298 3445 1400 3525 χιλίας
1423 3445 1469 3514 εἰς

234 3535 289 3597 ἕνα
302 3535 355 3597 καί
371 3533 631 3613 τετρακοσίουςὸ.)
646 3532 793 3597 Scimus
785 3535 892 3616 igitur,
907 3542 988 3617 quot
975 3534 1155 3598 tiudices'
1146 3552 1180 3598 tn
1193 3534 1302 3597 causis
1315 3533 1466 3614 Aphobi,

235 3623 346 3685 Timot
333 3623 411 3703 thei,
427 3623 534 3702 Booti,
553 3622 697 3704 Spudiae
714 3622 839 3686 luen'nt.
865 3623 959 3703 Quae
974 3643 1086 3686 omnes
1114 3642 1234 3685 causae
1250 3622 1349 3705 pluris
1366 3642 1466 3704 quam

237 3713 323 3775 mille
349 3712 513 3775 drachmis
537 3714 728 3776 aestimatae
753 3722 854 3780 erant.

281 3801 476 3863 Aristoteles
493 3811 563 3864 tum
581 3801 627 3864 sic
644 3803 767 3884 pergit:
797 3801 866 3865 Οὐκ
890 3802 987 3877 ἔξεστι
1011 3800 1111 3864 δὀὕτε
1133 3801 1248 3883 νόμοις
1271 3801 1342 3864 οὔτε
1364 3824 1468 3881 προσ-

236 3892 364 3974 κλήσεσι
388 3892 458 3953 οὔτε
480 3891 669 3972 μαρτυρίαις
681 3891 769 3974 ἀλλ’ἢ
780 3898 847 3960 ταῖς
870 3890 959 3974 παρὰ
982 3896 1038 3956 τοῦ
1063 3891 1220 3973 διαιτητοῦ
1236 3891 1377 3973 χρῆσθαι
1400 3896 1468 3960 ταῖς

237 3984 279 4052 εἰς
300 3979 375 4048 τοὺς
399 3980 523 4060 ἐχίνους
547 3980 811 4064 ἑμβεβλημέναις.
850 3981 911 4042 His
941 3979 1048 4041 verbis
1072 3977 1149 4041 nihil
1173 3982 1248 4041 novi
1272 3979 1466 4057 continetur,

285 4213 374 4262 Mid.
394 4210 474 4278 585.

315 4285 353 4335 Cf.
374 4286 450 4336 Dem.
471 4300 509 4336 or
529 4284 564 4332 54
582 4283 650 4348 (adv.
664 4281 824 4350 con)§2o.

273 4214 294 4278 l

272 4283 355 4422 Ξδῦί.
375 4354 530 4420 Lipsius,D
534 4364 606 4406 .att.
626 4353 712 4404 Proe.²
731 4372 757 4420 p.
775 4355 819 4417 93,
838 4355 896 4406 adn
919 4355 975 4406 148.

273 4425 354 4492 ⁴)O“
369 4423 398 4476 δὲ
418 4427 508 4476 lalso'
502 4444 526 4476 in
546 4428 588 4476 ed.
608 4427 641 4476 G.
661 4428 756 4478 Kaibel
776 4427 849 4479 etU.
869 4427 902 4476 de
922 4426 1099 4475 Wilamowitz·
1102 4425 1271 4475 nlollendorff
1286 4423 1386 4487 legitur.

273 4497 349 4563 ⁵l)c
347 4497 488 4562 ,Lipsius,
507 4499 623 4548 Berichte
643 4505 692 4549 etc.
712 4515 738 4564 p.
759 4499 801 4552 56.
820 4499 954 4563 Busoltp.
974 4495 1063 4559 271l2.
