3330 5234
728 491 945 554 ,47-

262 677 414 741 Arbitros
452 673 597 756 privatos
629 669 863 751 praetermitto,
900 669 1023 751 quippe
1057 669 1111 750 qui
1147 675 1342 730 vetustiores
1374 669 1447 738 sint,

216 787 314 850 quam
339 772 376 828 ut
399 763 557 844 originem
582 780 694 822 eorum
718 758 914 838 investigare
938 759 1110 839 possimus.
1150 756 1339 837 Antiquitas
1363 757 1449 818 enim

217 852 481 920 Atheniensibus
532 869 657 912 morem
703 846 801 911 luisse
843 853 945 928 puto,
992 855 1027 908 ut
1064 847 1096 908 in
1139 845 1313 908 levioribus
1344 844 1449 906 causis

217 945 353 1027 privatis
378 961 447 1004 rem
471 938 512 1001 ad
537 958 662 1020 aequos
685 941 773 999 viros
800 935 1006 998 iudicandam
1024 934 1197 1004 deferrent,
1222 934 1331 1015 Quam
1348 934 1449 1014 priva-

217 1045 327 1097 torum
352 1030 623 1093 consuetudinem
647 1029 746 1089 etiam
778 1024 811 1086 in
843 1025 1007 1087 civitatum
1039 1026 1238 1087 commercio
1262 1031 1449 1103 usurpatam

220 1142 295 1185 esse
321 1119 413 1182 multi
446 1127 478 1180 et
509 1125 661 1180 auctores
692 1123 726 1177 et
748 1113 831 1176 tituli
853 1119 1022 1176 testantur.
1062 1114 1157 1176 Haec
1181 1115 1290 1175 omnia
1315 1109 1450 1196 Meier1)

220 1220 254 1274 et
278 1206 425 1291 Sonnet)
450 1207 482 1268 in
506 1225 605 1267 unum
622 1203 828 1267 contulerunt
843 1211 876 1265 et
892 1202 1134 1265 accuratissime
1151 1203 1350 1283 interpretati
1366 1207 1448 1263 sunt.

262 1299 338 1362 Non
355 1299 459 1359 minus
472 1296 630 1358 incertum
644 1301 704 1368 est,
723 1291 855 1373 quando
873 1290 925 1353 illa
941 1291 995 1354 lex
1011 1291 1076 1353 lata
1093 1293 1146 1366 sit,
1164 1311 1247 1372 quae
1264 1290 1306 1352 ab
1323 1291 1450 1352 arbitris

217 1388 354 1470 privatis
374 1386 417 1448 ad
438 1384 564 1446 iudices
580 1382 765 1446 heliasticos
786 1382 959 1460 provocari
974 1378 1111 1467 vetuit³).
1132 1381 1216 1441 Nam
1232 1400 1304 1442 eam
1324 1387 1450 1460 partem

220 1479 305 1542 illius
328 1476 419 1558 legis,
446 1493 531 1554 quae
555 1473 586 1533 in
598 1472 694 1540 Dem.
708 1471 788 1536 Mid.
813 1473 830 1549 ξ
853 1469 898 1531 94
913 1467 1074 1550 legirurtl,
1099 1489 1163 1532 non
1183 1470 1358 1550 genuinam
1375 1487 1451 1530 esse

220 1566 349 1630 Hubert
370 1563 414 1644 (p.
434 1561 489 1646 22)
514 1582 588 1624 cum
600 1556 880 1639 Westermanno⁵)
897 1558 1076 1635 confirmat,
1094 1578 1293 1640 quamquam
1310 1557 1452 1639 aliquam

221 1655 266 1714 de
296 1652 420 1714 arbitris
443 1652 552 1733 legem
577 1649 741 1712 exstitisse
766 1649 903 1710 oratoris
927 1648 1027 1728 ipsius
1043 1646 1167 1710 verbis:
1192 1649 1261 1728 λέγε
1276 1647 1312 1710 δὲ
1327 1647 1382 1710 καὶ
1397 1645 1452 1708 τὸν

226 1747 291 1805 τῶν
314 1743 480 1824 διαιτητῶν
502 1740 607 1822 νόμον
630 1738 709 1801 satis
733 1737 982 1803 demonstratur.

269 1831 384 1893 Iniuria
406 1849 485 1891 vero
500 1828 684 1891 Hubertum
702 1826 908 1888 offenderunt
927 1825 1027 1887 verba
1043 1825 1094 1908 ἐφ’
1116 1825 1223 1906 ἕτερον
1240 1826 1452 1907 δικαστήριον,

221 1938 308 2002 quae
333 1919 375 1980 de
400 1918 520 1980 arbitro
545 1918 623 1979 mire
648 1916 735 1978 dicta
759 1914 932 1977 existimat.
968 1915 1051 1996 Quis
1075 1916 1162 1977 enim
1186 1923 1254 1993 est,
1290 1915 1344 1996 qui
1367 1913 1453 1974 hanc

224 2009 355 2088 linguae
380 2005 526 2069 Graecae
548 2006 732 2069 libertatem
750 2004 888 2084 ignoret,
913 2024 972 2084 per
988 2025 1087 2086 quam
1104 2005 1214 2066 dicere
1230 2002 1366 2067 licebat:
1393 2003 1453 2067 οὐκ

224 2097 263 2179 ἦν
298 2096 414 2176 χόρτος
448 2095 527 2158 οὐδὲ
549 2095 626 2158 ἄλλο
663 2094 798 2172 δένδρον
833 2093 937 2156 οὐδέν.
963 2093 1046 2158 Xen.
1071 2092 1135 2155 An.
1160 2093 1183 2173 I,
1208 2093 1260 2156 55.
1292 2092 1357 2155 ὑπὸ
1388 2096 1454 2153 τῶν

225 2185 366 2247 πολιτῶν
389 2184 442 2247 καὶ
466 2191 532 2247 τῶν
556 2186 662 2247 ἄλλων
686 2184 797 2259 ξένων.
822 2181 867 2243 Pl.
894 2181 995 2262 Gorg,
1019 2181 1095 2249 473.
1119 2182 1234 2262 Γέρων
1256 2187 1359 2262 χωρεῖ
1378 2180 1453 2262 μεθ’

225 2274 337 2353 ἑτέρου
368 2273 502 2336 νεανίου.
543 2272 608 2352 Ἄρ.
641 2274 686 2334 ἐκ.
720 2270 785 2334 849
816 2268 974 2356 (Kriiger,
1009 2270 1137 2338 Griech.
1163 2269 1390 2351 Sprachlehre,
1426 2269 1455 2330 ll

224 2383 257 2443 p.
287 2362 358 2436 lOl,
383 2363 458 2422 adn.
489 2361 548 2444 11).
573 2360 700 2422 Eadem
724 2361 848 2422 ratione
873 2360 936 2421 dici
961 2367 1105 2441 poterat:
1132 2359 1272 2443 [ἔφεσις]
1298 2358 1363 2422 ἀπὸ
1381 2358 1454 2440 [τοῦ

229 2449 402 2534 διαιτητοῦ]
416 2449 468 2530 ἐφ’
479 2449 585 2529 ἕτερον
597 2449 810 2531 δικαστήριον.
825 2449 899 2510 Hoc
908 2457 1051 2529 excepto
1065 2458 1184 2518 cetera,
1195 2469 1278 2530 quae
1287 2447 1339 2510 ille
1352 2448 1454 2522 affert,

228 2548 262 2602 ut
284 2538 392 2620 legem
428 2539 568 2617 spuriam
605 2557 677 2599 esse
709 2538 956 2613 demonstraret,
991 2538 1066 2600 mihi
1091 2558 1220 2620 quoque
1244 2536 1453 2618 persuadent.

226 2625 363 2712 Bergk⁶)
387 2627 536 2705 coniecit,
562 2646 600 2687 ea
625 2626 754 2688 demum
779 2626 853 2706 lege
877 2627 918 2688 ad
942 2635 1115 2710 utrumque
1135 2627 1327 2689 arbitrorum
1351 2645 1456 2706 genus

226 2717 410 2797 pertinente
434 2735 453 2777 a
469 2716 668 2796 privatorum
685 2715 880 2779 arbitrorum
897 2717 1059 2778 sententia
1079 2716 1345 2798 provocationem
1360 2716 1458 2776 inter·

224 2806 349 2868 clusam
366 2824 451 2868 esse.
478 2803 572 2883 Quae
589 2826 662 2867 cum
681 2804 895 2867 demonstrari
913 2814 1078 2886 nequeant
1097 2807 1129 2868 in
1146 2805 1244 2866 dubio
1268 2805 1457 2887 relinquam.

273 2894 309 2955 Id
332 2913 413 2956 vero
438 2902 579 2974 tempus,
612 2914 677 2976 quo
701 2894 811 2955 arbitri
835 2894 1000 2973 publici
1024 2895 1160 2957 instituti
1184 2902 1268 2969 sunt,
1294 2895 1459 2974 angustio·

230 2981 316 3043 ribus
340 2982 459 3045 finibus
483 2981 702 3044 circumscribi
726 2983 856 3063 poterit.
886 2984 970 3044 Nam
995 2983 1061 3046 hoc
1086 2983 1218 3064 quidem
1243 3003 1339 3044 nemo
1364 3003 1459 3062 nega-

230 3071 287 3145 bit,
312 3081 387 3133 ante
412 3091 531 3132 annum
549 3069 660 3153 resfa,
686 3090 751 3150 quo
768 3090 928 3150 pagorum
953 3073 1075 3134 iudices
1099 3093 1206 3135 rursus
1222 3072 1356 3135 instituti
1374 3079 1457 3151 sunt,

228 3160 369 3222 arbitros
392 3180 458 3222 non
482 3158 590 3234 fuisse,
626 3159 789 3220 si.eorum
812 3160 1004 3238 meminerit,
1029 3181 1112 3242 quae
1136 3181 1234 3243 supra
1259 3162 1301 3222 de
1325 3161 1459 3238 ratione,

228 3268 315 3330 quae
337 3249 420 3310 inter
442 3249 505 3312 XL
527 3250 614 3310 viros
638 3257 672 3311 et
694 3247 887 3310 arbitrorum
912 3248 1084 3329 collegium
1101 3252 1326 3328 intercesserit,
1353 3268 1459 3329 expo-

233 3337 364 3400 suimus.
389 3337 542 3400 Necnon
559 3336 733 3400 verisimile
750 3345 809 3412 est,
834 3358 967 3400 causam
984 3339 1124 3401 arbitros
1147 3339 1334 3401 instituendi
1349 3337 1460 3422 fuisse,

232 3425 308 3507 quia
331 3444 498 3505 pagorum
513 3427 639 3488 iudices
662 3427 793 3506 triginta
809 3447 943 3488 numero
960 3436 1010 3489 tot
1025 3429 1190 3510 tantisque
1207 3425 1319 3490 officiis
1336 3427 1461 3490 onerati

232 3521 335 3592 erant,
359 3521 395 3575 ut
417 3533 522 3576 rerum
546 3515 742 3597 privatarum
766 3515 942 3579 iurisdictio
967 3518 1061 3578 nimis
1083 3517 1248 3580 retardata
1272 3518 1322 3580 sit.
1348 3517 1461 3597 ltaque

233 3606 339 3682 primo
362 3602 451 3664 haud
476 3603 544 3664 scio
568 3624 609 3664 an
632 3603 710 3666 alias
746 3624 861 3667 causas
885 3625 950 3666 non
975 3607 1161 3686 acceperint
1184 3607 1244 3668 nisi
1268 3626 1341 3681 eas,
1378 3624 1462 3688 quae

232 3694 275 3754 ad
292 3692 396 3756 forum
414 3691 545 3771 triginta
560 3694 701 3755 virorum
717 3693 933 3775 pertinebant.
957 3694 1113 3757 Paulatim
1137 3704 1170 3756 et
1189 3695 1239 3757 alii
1256 3695 1462 3775 magistratus

231 3801 307 3843 suas
331 3802 447 3843 causas
471 3781 516 3842 eis
532 3780 663 3843 tradere
679 3791 867 3863 coeperunt.
892 3784 1063 3846 Postremo
1079 3784 1153 3864 lege
1173 3791 1384 3846 constitutum
1400 3791 1461 3859 est,

274 3939 293 4004 ¹)
312 3957 337 4005 p.
358 3941 401 4004 29,
420 3942 467 3991 III.
488 3943 536 3991 Die
556 3942 824 4005 Austraegalgerichte
844 3942 887 3990 bei
906 3945 954 3991 den
975 3944 1110 3998 Griechen.

271 4008 294 4076 2)
313 4014 353 4060 De
372 4012 472 4060 arbitris
491 4014 609 4075 externis,
629 4028 692 4078 quos
711 4013 804 4062 Graeci
832 4013 998 4064 adhibuerunt
1023 4017 1055 4064 ad
1075 4017 1130 4067 lites
1150 4025 1176 4065 et
1194 4018 1326 4068 intestinas
1346 4027 1370 4064 et
1389 4031 1463 4078 pere·

235 4083 320 4147 grinas
341 4085 547 4145 componendas,
566 4084 728 4150 quaestiones
748 4086 929 4150 epigraphicae
952 4087 1028 4139 1889.

272 4149 294 4218 ⁸)
313 4152 353 4204 Cf.
372 4153 475 4202 Hubert
492 4171 519 4218 p.
534 4156 573 4208 14.

271 4221 295 4292 ⁴)
315 4225 410 4275 Orator
429 4225 461 4275 de
487 4227 584 4276 arbitro
610 4227 716 4293 publico
742 4227 811 4288 dicit,
836 4228 877 4275 lex
901 4228 977 4277 citata
1007 4229 1040 4277 de
1061 4229 1162 4280 arbitris
1181 4231 1296 4293 privatis
1334 4230 1364 4277 ld
1384 4229 1465 4278 Meier

236 4291 276 4358 (p.
292 4293 317 4359 l)
335 4295 491 4360 grammatici
511 4313 597 4346 errore
618 4300 741 4363 explicare
760 4306 875 4361 conatur,
904 4316 979 4366 quem
999 4317 1110 4350 errorem
1130 4300 1213 4365 Bergk
1231 4301 1272 4368 (Z.
1291 4301 1307 4354 f.
1326 4301 1351 4348 d.
1370 4301 1402 4352 A.
1422 4300 1464 4350 W.

242 4365 318 4427 1849,
338 4383 363 4430 p.
378 4365 439 4432 268)
458 4367 561 4417 nimium
581 4385 636 4420 esse
656 4371 723 4422 dicit.

274 4432 295 4500 ὁ)
314 4439 354 4486 De
373 4439 411 4490 lit,
425 4439 506 4500 instr„
526 4455 590 4503 quae
610 4449 709 4490 exstant
727 4441 752 4493 in
772 4444 848 4492 Dem.
863 4457 900 4493 or.
914 4443 939 4490 in
959 4441 1063 4492 Midiam
1083 4443 1261 4493 commentatio
1280 4459 1306 4508 p.
1321 4443 1362 4492 29.

273 4505 295 4571 ⁰)
314 4509 342 4561 Z.
357 4509 372 4559 f.
386 4511 411 4562 d.
424 4509 457 4562 A.
471 4511 511 4559 W.
529 4510 607 4573 1849,
624 4528 649 4576 p.
665 4513 724 4562 200.
