3330 5234
373 1569 509 1623 Exordium

266 1674 283 1745 ξ
326 1681 346 1730 1.
372 1681 413 1728 De
433 1681 585 1729 arbitrorum
604 1684 689 1729 aetate
745 1714 1313 1732 ........

265 1787 283 1853 ξ
321 1788 344 1836 2.
369 1787 437 1835 Num
455 1784 595 1850 δοκιμασία
616 1786 775 1834 arbitrorum
797 1785 869 1833 suerit
907 1822 1314 1838 ,,,,,,

265 1891 281 1960 ξ
320 1894 344 1946 3.
372 1895 413 1941 De
433 1894 587 1943 arbitrorum
608 1907 713 1940 numero
739 1929 1311 1946 ........

264 1999 280 2069 ᾖ
316 2002 341 2051 4.
369 2003 410 2050 De
429 2001 539 2061 ratione,
557 2015 623 2064 quae
643 1998 819 2047 intercedebat
837 1999 901 2048 inter
920 1999 1002 2048 tribus
1021 2008 1045 2048 et
1065 2002 1172 2048 arbitros
1223 2039 1228 2048 .

265 2105 281 2175 ᾖ
322 2108 347 2160 5.
376 2109 417 2157 De
437 2108 588 2156 arbitrorum
607 2105 768 2154 iureiurando
824 2142 1312 2158 .......

264 2213 282 2281 ξ
319 2217 343 2268 6.
372 2217 412 2263 De
430 2211 518 2278 ἀτιμίᾳ
537 2213 624 2263 arbitri
642 2229 745 2262 causam
764 2213 892 2278 suscipere
912 2213 1077 2262 recusantis*
1146 2251 1151 2264 .
1225 2249 1232 2262 .
1305 2250 1312 2265 .

264 2324 279 2384 ξ
318 2321 342 2378 7,
367 2322 406 2368 De
425 2317 568 2385 εἰσαγγελίᾳ
587 2325 613 2370 et
632 2319 665 2370 de
684 2316 809 2373 εὐθύναις
828 2319 978 2368 arbitrorum
1065 2359 1072 2372 .
1146 2357 1151 2370 .
1225 2358 1230 2369 .
1305 2357 1311 2368 .

264 2425 280 2494 ξ
318 2427 342 2476 8.
372 2429 412 2475 De
431 2427 582 2476 arbitrorum
600 2426 710 2490 collegio
739 2463 1312 2478 ........

265 2532 282 2600 ἓ
318 2534 344 2584 9.
369 2534 469 2596 Quibus
489 2534 513 2582 in
533 2535 615 2584 causis
634 2534 723 2582 arbitri
742 2532 905 2582 iudicaverint

425 2642 456 2689 A.
477 2643 517 2691 De
535 2642 727 2706 peregrinorum
748 2640 923 2690 iurisdictione
985 2675 1311 2690 .....

423 2745 451 2796 B.
473 2749 515 2796 De
535 2747 625 2796 civium
644 2748 726 2797 causis
746 2784 1151 2798 ......
1201 2785 1231 2798 ..
1305 2786 1311 2796 .

264 2855 281 2920 ξ
305 2856 345 2909 ΙΟ.
373 2857 413 2905 De
432 2857 538 2918 ratione,
557 2870 622 2920 quae
634 2857 698 2906 inter
714 2871 839 2922 pagorum
853 2856 950 2905 iudices
969 2862 995 2904 et
1011 2856 1120 2906 arbitros
1134 2857 1311 2907 intercedebat
1381 2883 1384 2890 .

263 2961 279 3030 ἓ
303 2964 342 3012 ll.
368 2964 426 3027 Qua
445 2963 548 3013 ratione
576 2964 631 3012 lites·
656 2965 722 3027 apud
743 2963 854 3012 arbitros
879 2971 949 3012 actae
968 2965 1026 3014 sint.
1065 2967 1105 3014 De
1123 2965 1311 3028 provocatione

370 3069 404 3117 ad
422 3069 520 3118 iudices

264 3173 281 3240 ξ
303 3175 342 3246 12.
372 3177 412 3224 De
439 3173 486 3224 XL
514 3175 626 3225 virorum
655 3185 678 3224 et
706 3176 859 3227 arbitrorum
887 3177 1051 3227 institutionis
1080 3184 1197 3242 tempore
1225 3185 1249 3226 et
1277 3178 1310 3226 de

371 3283 481 3330 muneris
500 3298 589 3331 eorum
608 3282 768 3330 incrementis
