3330 5234
687 459 904 550 412-

183 660 343 743 διαιτητάς
370 659 468 722 etiam
493 680 621 723 morum
645 659 862 740 integritatem
887 661 929 723 ab
953 661 1076 724 arbitro
1091 658 1279 748 postulat¹).
1312 659 1415 742 Quod

182 768 385 832 quamquam
435 747 631 812 Aristoteles
669 747 796 813 silentio
841 753 1090 830 praetermittit,
1139 759 1250 814 tamen
1299 749 1413 812 salsum

183 857 261 901 esse
296 837 372 900 inde
396 836 549 918 colligere
581 857 646 900 non
677 846 817 917 oportet.
864 837 1076 927 Aristotelem
1099 849 1180 920 puto
1204 859 1273 904 rem
1296 859 1356 919 per
1379 857 1415 900 se

187 924 391 989 manifestam
407 926 628 1006 praeteriisse,
654 926 745 1008 quod
760 927 876 1008 cuique
900 927 1049 990 accidere
1074 928 1168 1003 solet,
1193 929 1247 1012 qui
1263 947 1415 1010 praesen·

188 1023 257 1077 tem
293 1017 338 1077 rei
372 1014 524 1096 publicae
560 1023 679 1078 statum
715 1015 906 1097 aequalibus
943 1017 1129 1081 describere
1163 1019 1316 1098 suscepit.
1365 1015 1415 1079 Ne

188 1104 305 1185 capitis
329 1103 464 1185 quidem
482 1103 666 1168 deminutos
683 1104 880 1169 Aristoteles
895 1105 1084 1168 nominatim
1101 1106 1225 1186 eximit,
1249 1106 1280 1168 in
1298 1125 1334 1169 re
1350 1124 1416 1167 non

188 1192 289 1254 dubia
312 1194 416 1256 minus
440 1202 620 1258 accuratus.
668 1192 768 1275 Quod
791 1213 870 1257 vero
894 1195 1138 1258 Demosthenes
1168 1195 1200 1257 in
1222 1193 1301 1258 Mid.
1327 1192 1349 1280 ξ
1374 1191 1416 1256 83

184 1289 222 1344 et
258 1281 301 1345 95
333 1279 494 1344 Stratonis
532 1283 642 1345 arbitri
684 1282 808 1364 probos
845 1283 1056 1367 integrosque
1098 1303 1206 1346 mores
1237 1282 1417 1346 identidem

187 1370 311 1450 laudat,
336 1372 460 1450 optime
483 1391 557 1433 cum
583 1369 703 1435 Suidae
726 1371 800 1434 loco
824 1392 1006 1453 congruere
1029 1372 1166 1436 videtur.
1207 1372 1295 1434 Num
1319 1373 1417 1434 etiam

200 1459 378 1523 ὑπεύθυνοι
413 1459 598 1540 excipiendi
633 1461 713 1540 sint,
753 1481 837 1542 quos
866 1461 971 1525 Meier
993 1458 1037 1546 (p.
1066 1460 1116 1548 12)
1147 1471 1308 1542 exceptos
1339 1460 1418 1536 vult,

186 1548 316 1613 ·dubit0.

234 1637 287 1699 Ex
310 1636 364 1699 illo
392 1637 491 1718 igitur
517 1638 681 1719 catalogo,
714 1647 790 1701 ante
819 1637 1033 1721 quadraginta
1063 1658 1161 1702 unum
1189 1659 1294 1701 annos
1317 1637 1416 1718 fact0,

188 1723 404 1789 Aristotelem
428 1726 626 1791 verbotenus
661 1736 835 1809 sequentes
873 1728 1013 1791 arbitros
1036 1736 1185 1809 sumptos
1209 1747 1283 1792 esse
1306 1747 1419 1791 cense·
1513 1725 1519 1734 '

191 1813 323 1877 bimus?
347 1816 403 1878 An
427 1813 626 1879 recensione
641 1817 785 1898 quadam
817 1815 903 1880 illum
928 1816 1114 1897 catalogum
1138 1825 1321 1880 correctum
1345 1835 1417 1878 esse

187 1901 404 1987 putabimus?
442 1903 546 1986 quue
592 1925 652 1969 eos
688 1906 894 1986 magistratus
932 1903 1067 1981 fecisse,
1106 1905 1226 1987 quibus
1264 1904 1419 1986 catalogo

187 2001 345 2056 accurato
370 1992 412 2055 ad
436 1994 623 2058 sortiendos
647 1995 784 2057 arbitros
809 2014 891 2075 opus
915 2004 994 2070 erat,
1018 2014 1126 2057 nonne
1149 1993 1321 2057 verisimile
1344 1993 1417 2056 est?

191 2082 264 2144 Hac
299 2083 396 2163 igitur
426 2083 599 2166 δοκιμασίᾳ
624 2083 713 2164 apud
748 2084 930 2164 iudices,
959 2082 1220 2166 praesidentibus
1254 2082 1316 2145 XL
1345 2083 1420 2146 viris

187 2171 351 2252 instituta,
389 2191 433 2233 ex
456 2171 510 2234 illo
533 2173 738 2252 epheborum
768 2173 876 2235 indice
900 2193 1002 2236 novus
1026 2175 1203 2235 correctior
1225 2171 1419 2236 arbitrorum

187 2281 211 2322 a
227 2260 289 2323 XL
311 2261 388 2323 viris
411 2260 577 2325 confectus
601 2269 659 2323 est.
693 2262 787 2325 Licet
810 2263 1018 2343 magistratus
1042 2260 1196 2325 militares
1221 2261 1421 2324 anteceden-

188 2349 280 2411 tibus
303 2350 394 2412 annis
417 2351 532 2412 similia
555 2350 727 2430 secerne),
751 2350 864 2413 ultimo
888 2371 973 2413 anno
996 2351 1153 2430 imprimis
1175 2349 1237 2413 XL
1249 2350 1323 2412 viris
1347 2370 1421 2412 cum

193 2439 319 2500 arbitris
343 2458 396 2502 res
420 2448 498 2517 erat,
524 2439 634 2522 itaque
657 2439 729 2502 illos
753 2440 940 2520 catalogum
963 2439 1115 2502 traditum
1131 2439 1222 2519 ipsos
1238 2439 1420 2502 correxisse
1487 2517 1489 2519 μ

188 2535 447 2590 consentaneum
472 2537 532 2591 est.
564 2529 618 2590 Ex
640 2529 703 2591 hac
720 2530 893 2612 δοκιμασίᾳ
908 2549 1026 2609 parvus
1043 2528 1237 2591 arbitrorum
1254 2547 1418 2603 numerus,

189 2636 293 2697 quem
317 2616 349 2676 in
373 2616 465 2679 titulo
489 2637 508 2678 a
533 2617 652 2680 Rossio
687 2618 777 2680 edito
801 2619 986 2700 reperimus,
1024 2619 1112 2679 haud
1148 2618 1216 2679 scio
1251 2636 1292 2678 an
1327 2635 1419 2697 repe-

191 2705 313 2768 tendus
338 2705 389 2766 sit.

773 2882 795 2970 §
820 2890 850 2952 3.

528 3061 590 3138 De
619 3064 871 3139 arbitrorum
900 3084 1086 3138 numero,

238 3235 366 3300 Hubert
388 3239 419 3299 in
451 3233 553 3319 p.'24
577 3239 813 3302 dissertationis
843 3261 921 3303 suae
945 3241 1098 3321 queritur,
1132 3238 1222 3320 quod
1245 3241 1308 3300 hac
1332 3240 1363 3300 in
1387 3258 1422 3300 re

191 3323 339 3388 lontibus
357 3327 580 3390 destituamur.
615 3330 709 3392 Nunc
725 3330 858 3392 tandem
881 3329 955 3391 fons
978 3331 1129 3391 inventus
1153 3336 1215 3407 est,
1240 3328 1327 3390 unde
1351 3336 1421 3390 toto

190 3423 331 3494 ‘pectore
354 3436 466 3478 verum
490 3417 683 3482 hauriamus,
722 3417 788 3482 Sed
808 3419 997 3502 priusquam
1013 3437 1054 3480 eo
1071 3417 1160 3478 fonte
1176 3425 1313 3493 utamur,
1338 3435 1422 3496 quae

190 3505 322 3583 priores
347 3505 389 3568 de
406 3506 601 3570 arbitrornm
617 3528 753 3570 numero
774 3508 945 3583 senserint,
970 3505 1192 3586 comparanda
1208 3515 1291 3569 sunt.
1328 3503 1421 3567 Unus

195 3590 296 3671 locus,
322 3595 375 3674 qui
391 3613 430 3656 eo
448 3597 597 3676 pertinet,
623 3606 692 3659 erat
708 3597 876 3660 adnotatio
894 3596 1024 3676 Ulpiani
1044 3595 1097 3677 qui
1113 3605 1248 3657 vocatur
1263 3614 1421 3674 gramma·

189 3681 248 3742 tici
260 3682 303 3743 ad
319 3682 414 3745 Dem.
432 3683 548 3770 Mid.§
565 3685 609 3748 86
625 3686 670 3767 (p.
688 3685 763 3766 542,
785 3684 851 3769 inl:
872 3685 952 3768 ἦσαν
969 3681 1031 3748 δὀἱ
1055 3684 1205 3767 διαιτηταὶ
1224 3683 1276 3765 μδ
1298 3683 1421 3764 (τεσσα-

195 3770 335 3850 ράκοντα
358 3774 520 3857 τέσσαρες)
545 3775 621 3838 καθ’
646 3776 782 3858 ἑκάστην
806 3776 919 3858 φυλήν.
968 3772 1034 3837 Sed
1058 3793 1132 3836 cum
1156 3773 1322 3834 universus
1342 3791 1421 3852 qua·

195 3858 437 3940 dringentorum
462 3865 676 3945 quadraginta
699 3864 894 3926 arbitrorum
918 3882 1070 3926 numerus
1088 3862 1164 3924 viris
1180 3861 1286 3923 doctis
1304 3862 1422 3923 nimius

193 3983 354 3994 ᾐ-

241 4035 265 4103 1)
283 4036 421 4104 καθαροὺς
439 4038 523 4106 πάσης
542 4040 625 4098 αἰτίας
644 4039 859 4106 ὗπειλημμὲνσυς.

238 4106 261 4173 2)
279 4111 339 4159 Hoc
368 4119 436 4162 certe
463 4113 568 4164 ineunte
598 4128 649 4164 non
669 4122 773 4163 exeunte
802 4130 869 4163 anno
901 4113 956 4160 fieri
976 4112 1085 4168 solebat;
1104 4110 1189 4176 itaque
1207 4111 1271 4160 falsa
1291 4117 1330 4160 est
1348 4110 1420 4159 Goo-

194 4179 263 4228 dellii
281 4183 406 4232 sententia
434 4181 502 4250 (Am.
523 4186 611 4250 Journ.
631 4185 662 4234 of
676 4185 768 4235 Philol.
788 4186 848 4246 XII,
867 4185 882 4234 3
902 4200 929 4248 p.
950 4177 1067 4248 31¹)J20),
1091 4183 1135 4247 qui
1154 4181 1331 4233 anniversariis
1351 4189 1421 4229 cata-

193 4250 248 4313 logi
267 4253 427 4316 epheborum
456 4257 660 4306 correctionibus
688 4257 714 4304 id
744 4257 863 4306 effectum
892 4269 947 4302 esse
966 4260 1050 4319 putat,
1068 4260 1095 4302 ut
1114 4254 1161 4302 XL
1179 4255 1226 4304 viri
1246 4253 1420 4316 magistratum

194 4321 300 4386 ingressi
319 4332 416 4374 rectum
436 4329 577 4392 catalogum
598 4329 623 4375 in
642 4328 759 4378 manibus
778 4328 911 4378 haberent.
949 4324 1000 4374 Sed
1018 4324 1096 4386 idem,
1116 4325 1185 4390 quod
1205 4323 1325 4373 omnibus
1344 4337 1421 4388 prae-

194 4394 343 4445 cedentibus
362 4398 432 4445 annis
452 4398 544 4448 sactum
565 4405 628 4462 erat,
648 4401 723 4448 etiam
742 4399 829 4447 ultimo
848 4413 914 4446 anno
933 4398 1037 4446 ineunte
1056 4397 1221 4446 observatum
1236 4410 1292 4444 esse
1307 4395 1420 4459 videtur,
1500 4419 1503 4430 —

191 4463 271 4530 »idque
290 4483 336 4530 per
355 4468 401 4517 XL
420 4470 497 4530 viros,
516 4470 558 4534 qui
577 4467 717 4534 διαιτηταῖς
737 4468 931 4536 quodammodo
951 4475 1095 4533 praeerant.
1118 4529 1120 4538 A
