3330 5234
728 550 950 616 ...24-

225 713 463 795 praetereunda
486 711 583 794 est1).
606 710 692 774 Tum
715 711 816 775 verba
837 707 980 795 ἐκβάλλει
1010 713 1065 776 καλ
1089 713 1197 793 ἀτιμοῖ
1215 711 1270 775 τὸν
1293 711 1452 794 διαιτητὴν

225 803 268 866 de
290 802 411 865 arbitro
434 821 567 865 munere
591 799 745 881 fungente
769 801 987 882 intellegenda
1010 810 1095 879 sunt,
1120 801 1354 882 quitationem
1379 801 1453 862 red·

226 892 306 954 dere
329 911 395 953 non
418 889 562 954 debebat
572 887 606 975 2).
646 890 716 952 Nec
740 909 806 952 non
829 890 972 972 ἐκβάλλει
997 891 1039 953 de
1062 889 1184 952 arbitro
1209 909 1227 953 e
1251 888 1450 970 collegarum

223 982 381 1043 societate
405 981 509 1043 eiecto
534 979 656 1061 optime
681 979 806 1042 dicitur.
830 978 923 1043 Haec
945 978 1093 1042 sufficere
1108 979 1259 1042 videntur
1273 978 1316 1041 ad
1336 997 1450 1040 eorum

224 1071 419 1132 sententiam
443 1067 672 1146 refellendam,
704 1067 758 1151 qui
788 1068 928 1138 ἑνδδνας
958 1068 1151 1131 arbitrorum
1175 1067 1272 1131 fuisse
1308 1067 1448 1132 eDem.

224 1157 367 1220 Midiana
390 1158 627 1225 concluserunt.
666 1156 803 1220 Huberti
832 1175 910 1220 vero
944 1165 1170 1237 argumentum
1202 1155 1451 1220 asimilitudine

224 1245 417 1309 arbitrorum
441 1265 514 1308 cum
537 1245 697 1308 iudicibus
720 1244 897 1308 bellasticis
919 1247 1067 1326 petitum,
1091 1266 1175 1328 quos
1191 1245 1295 1308 nullas
1308 1264 1451 1327 unquam

223 1336 367 1398 rationes
382 1334 564 1398 reddidisse
588 1342 726 1407 constat,
750 1335 899 1415 accipere
916 1353 981 1396 non
1006 1354 1153 1415 possum.
1176 1334 1351 1397 Plurimum
1363 1334 1450 1398 enim

223 1425 361 1488 interest
384 1425 467 1486 inter
489 1423 638 1502 iudicem,
664 1424 719 1506 qui
751 1443 825 1485 cum
860 1423 1027 1505 permultis
1051 1423 1119 1486 aliis
1143 1423 1296 1504 suffragia
1320 1421 1452 1487 occulta

224 1512 359 1591 ferebat,
375 1522 408 1575 et
420 1513 585 1590 arbitrum,
602 1512 655 1592 qui
668 1511 757 1576 solus
773 1512 948 1593 palamque
960 1513 1042 1575 inter
1057 1511 1218 1594 litigantes
1232 1512 1450 1592 disceptabat.

222 1600 367 1664 iudicem
391 1621 456 1663 non
479 1600 571 1662 facile
596 1601 766 1683 quisquam
790 1602 982 1666 convincere
998 1610 1136 1682 poterat,
1161 1600 1283 1663 arbiter
1300 1599 1452 1664 omnibus

222 1691 346 1754 insidiis
370 1690 534 1752 obnoxius
558 1698 637 1752 erat.
673 1688 882 1772 Quamquam
914 1690 1011 1773 igitur
1040 1691 1197 1754 rationem
1222 1689 1361 1752 reddere
1384 1709 1452 1752 non

223 1779 348 1854 debuit,
372 1788 483 1841 tamen
506 1779 677 1859 εἰσαγγελία
701 1779 857 1842 adversus
880 1798 953 1841 eum
978 1780 1125 1860 patebat,
1160 1798 1245 1860 quae
1275 1779 1361 1842 actio
1384 1797 1451 1840 non

223 1868 331 1930 minus
355 1866 531 1949 improvisa
554 1875 588 1929 et
611 1866 795 1948 periculosa
821 1876 890 1929 erat
927 1888 1024 1950 quam
1048 1869 1188 1936 εδδνναι.
1225 1868 1342 1949 Neque
1365 1867 1451 1930 enim

223 1957 267 2020 ad
290 1955 505 2020 deterrendos
528 1955 633 2019 solum
657 1957 699 2018 ab
724 1956 835 2019 iniuria
857 1955 1048 2020 arbitrorum
1072 1956 1199 2020 animos
1223 1956 1344 2020 idonea
1368 1963 1450 2036 erat,

174 2038 177 2043 ’
222 2045 404 2109 sedetiam
429 2045 471 2106 ad
502 2045 662 2125 privatam
694 2045 822 2124 cladem
845 2044 1075 2110 ulciscendam.

267 2134 422 2198 Proxima
434 2135 582 2215 quaestio
594 2142 655 2219 est,
680 2134 850 2216 quomodo
870 2134 952 2196 haec
971 2135 1164 2216 εἰσαγγελίας
1179 2134 1266 2197 actio
1279 2134 1403 2196 intenta
1418 2141 1454 2198 et

222 2232 359 2304 peracta
387 2224 437 2286 sit.
491 2222 546 2284 Ac
565 2223 675 2304 Bergk
695 2220 854 2306 quidem³)
874 2244 894 2285 a
920 2223 1102 2300 Frankeli0,
1136 2223 1260 2305 Lipsi0,
1298 2222 1452 2284 Huberto

221 2331 429 2392 summopere
440 2310 589 2374 laudatus
611 2314 668 2395 τὴν
690 2313 867 2375 τελευταίαν
882 2313 1007 2395 ἡμέραν
1021 2318 1087 2376 τῶν
1101 2313 1268 2394 διαιτητῶν
1288 2310 1452 2374 intellexit

221 2401 369 2464 ultimum
393 2420 583 2464 consessum
608 2400 735 2482 collegii
760 2401 963 2466 arbitrorum.
989 2400 1097 2481 Quam
1120 2399 1389 2482 significationem
1410 2399 1453 2468 R.

221 2488 334 2552 Schbll
349 2491 527 2552 inauditam
542 2490 696 2569 nominat,
712 2492 779 2552 iure
790 2490 938 2566 arbitror,
957 2490 984 2554 si
1003 2490 1104 2554 verba
1116 2509 1283 2570 urgemus.
1308 2487 1375 2552 Sed
1392 2485 1449 2550 for-

221 2588 310 2643 tasse
328 2578 423 2640 nobis
439 2579 618 2658 continget,
643 2588 687 2657 ut,
701 2580 790 2661 quod
809 2578 918 2659 Bergk
941 2589 1031 2642 recte
1054 2578 1172 2654 sensit,
1187 2599 1261 2641 cum
1277 2577 1451 2641 verborum

222 2689 284 2730 usu
307 2668 405 2730 artius
421 2667 666 2746 coniungamus.
685 2665 732 2728 ‘H
742 2669 898 2730 τελευταία
915 2668 1022 2750 ἡμέρα
1038 2673 1104 2730 τῶν
1120 2668 1286 2750 διαιτητῶν
1302 2665 1450 2732 ultimum

221 2765 312 2819 certe
328 2756 468 2818 muneris
484 2755 571 2819 diem
588 2754 758 2835 significat.
784 2754 818 2818 Si
834 2756 953 2818 eodem
970 2756 1023 2819 die
1046 2765 1080 2820 et
1095 2757 1241 2818 ultimum
1258 2774 1450 2818 consessum

221 2865 337 2907 eorum
368 2842 467 2906 fuisse
498 2843 762 2928 probaverimus,
794 2845 826 2906 id
857 2845 946 2925 quod
977 2844 1125 2908 volumus
1156 2846 1297 2907 assecuti
1319 2846 1451 2912 erimus.

221 2933 275 2996 Ac
299 2934 406 3014 plures
430 2933 563 3014 quidem
588 2953 762 2996 consessus
777 2933 820 2995 illi
835 2934 939 3012 primo
956 2935 1174 3015 praecessisse
1190 2934 1313 2996 docent
1328 2933 1447 2998 verba:

218 3023 263 3092 εἷς
286 3025 323 3104 ἣν
347 3023 365 3085 ὁ
388 3021 449 3104 μὲν
472 3022 551 3103 ἦλθε
572 3027 638 3084 τῶν
661 3022 837 3106 διαιτητῶν,
861 3022 1010 3087 ὁδόὐκ
1033 3022 1121 3105 ἦλθε.
1161 3022 1246 3086 Nam
1281 3019 1450 3086 manifeste

218 3120 431 3192 opponuntur
454 3111 578 3190 priores
602 3110 689 3188 dies,
714 3112 831 3192 quibus
848 3131 962 3174 omnes
979 3122 1208 3186 convenerant,
1235 3112 1350 3174 ultimo
1376 3111 1450 3190 diei,

219 3221 287 3283 quo
310 3199 516 3280 neglegentia
538 3208 634 3261 aucta
659 3219 778 3280 magna
800 3220 875 3281 pars
900 3200 989 3263 domi
1012 3200 1174 3263 manebat.
1209 3199 1284 3281 Qua
1306 3220 1386 3264 vero
1411 3199 1453 3262 de

220 3310 322 3353 causa
345 3297 395 3352 tot
420 3287 559 3353 defuisse
583 3287 755 3368 putemus?
791 3289 890 3370 Quod
921 3289 986 3351 hoc
1018 3290 1071 3354 die
1103 3310 1177 3352 raro
1200 3297 1372 3352 accusator
1396 3309 1454 3352 ex·

220 3379 315 3442 stitit.
339 3378 476 3440 Parvum
501 3378 586 3438 enim
616 3377 773 3457 temporis
805 3379 945 3458 spatium
970 3387 1138 3459 supererat
1161 3387 1194 3440 et
1216 3378 1318 3441 multo
1344 3378 1453 3440 diflici-

173 3525 178 3534 .
220 3470 282 3534 lius
307 3467 502 3544 habebatur,
536 3485 575 3528 ea
605 3466 688 3527 hora
720 3467 914 3529 arbitrorum
938 3469 1062 3530 animos
1087 3466 1129 3529 ad
1151 3468 1359 3529 severitatem
1382 3485 1453 3549 per·

221 3576 367 3619 movere.
393 3554 475 3635 Quis
500 3555 588 3632 enim
611 3575 677 3617 non
702 3557 810 3618 animo
834 3565 1070 3634 commovetur,
1104 3558 1174 3638 quis
1199 3576 1264 3618 non
1287 3555 1396 3619 mitior
1418 3555 1455 3618 fit

220 3645 295 3726 ipso
321 3645 394 3706 anni
420 3645 522 3717 exitu,
547 3645 722 3724 praecipue
745 3664 824 3724 erga
840 3645 995 3725 collegae,
1019 3666 1093 3709 cum
1111 3645 1226 3725 quibus
1243 3644 1335 3708 XLII
1351 3663 1454 3707 annos

218 3735 348 3814 integre
373 3734 405 3794 in
429 3734 569 3813 publicis
592 3733 708 3795 officiis
732 3732 973 3814 perseveravit?
1012 3734 1132 3797 Midias
1155 3741 1274 3805 autem,
1299 3752 1363 3814 qua
1388 3741 1456 3796 erat

219 3821 451 3907 auctoritatet)
475 3831 507 3884 et
523 3821 719 3903 eloquentia,
744 3823 808 3885 hoc
825 3825 897 3902 ipso
913 3831 1062 3904 tempore
1078 3821 1222 3904 perfecit,
1239 3822 1328 3902 quod
1344 3822 1454 3890 voluit.

266 3911 370 3973 Multo
402 3909 560 3974 difficilius
580 3920 632 3974 est
659 3911 841 3974 accuratius
859 3911 1004 3987 delinire,
1029 3920 1111 3993 quot
1134 3930 1307 3973 consessus
1331 3911 1373 3972 illi
1398 3931 1455 3993 po·

219 4008 344 4079 stremo
373 4001 621 4079 praecesserint,
671 4000 756 4062 Nam
781 4021 865 4082 quae
888 4001 998 4082 Bergk
1022 4000 1063 4062 de
1097 4000 1232 4081 singulis
1262 3999 1455 4064 arbitrorum

219 4089 381 4171 prytaniis
416 4098 450 4151 et
480 4090 522 4151 de
554 4108 690 4151 numero
725 4109 937 4152 consessuum
969 4088 1168 4169 singulorum
1199 4090 1230 4150 in
1261 4107 1455 4171 unaquaque

220 4180 375 4258 prytania
402 4175 544 4258 profert,
577 4177 652 4241 nihil
683 4177 743 4240 nisi
774 4180 982 4241 coniecturae
1016 4185 1090 4240 sunt
1113 4175 1333 4240 fundamentis
1356 4177 1455 4239 firmis

261 4354 285 4456 {l
306 4357 347 4408 Cf.
367 4356 475 4438 lipsius,
495 4357 528 4408 D.
542 4363 585 4406 att.
605 4351 692 4406 Ρτοα.2
711 4371 737 4420 p.
758 4355 839 4420 333s4
858 4356 915 4406 adn.
930 4355 991 4409 381.

262 4427 285 4559 i}
305 4427 502 4549 {lrflldlllu
520 4497 595 4547 1849.
615 4514 640 4562 p.
655 4493 743 4562 ττηῡ.

262 4568 284 4622 ‘l
305 4570 368 4619 ind.
388 4565 403 4635 ξ
424 4569 474 4618 205
494 4585 531 4634 sq.
