3330 5234
714 494 933 560 ..29-

256 675 397 738 Frankel
407 675 431 758 1)
462 675 652 737 arbitrorum
686 673 858 754 collegium
890 692 965 736 cum
996 671 1259 735 nomothetarum
1295 671 1444 752 collegio·

210 765 424 845 comparavit.
443 763 590 844 Quorum
603 763 788 844 praesidem
801 763 922 846 βουλήν
935 761 1147 824 destinavisse
1159 769 1298 823 constat.
1323 761 1448 844 Itaque·

210 857 237 918 si
262 853 340 936 quid
363 852 465 914 simile
494 853 535 914 de
565 851 693 914 arbitris
717 852 924 928 coniciemus,
960 870 1024 912 non
1049 851 1094 912 ita
1117 849 1215 930 longe
1240 871 1260 912 a
1282 869 1359 912 vero
1384 848 1439 910 ab·

210 943 403 1009 errabimus

255 1032 416 1094 Praesidis
439 1040 589 1114 potestas
612 1029 671 1092 fuit
694 1049 742 1104 ea,
767 1048 851 1110 quae
875 1030 906 1090 ln
930 1047 1087 1092 consessu
1110 1028 1300 1106 agebantur,
1325 1047 1450 1109 regere-

211 1122 304 1186 etde
324 1121 525 1201 εἰσαγγελίαις
548 1120 591 1182 ab
615 1121 689 1199 ipso
713 1117 858 1200 acceptis
882 1117 1020 1179 arbitros
1044 1118 1075 1178 in
1098 1117 1252 1196 suffragia
1272 1115 1449 1197 mittere2).,

210 1211 263 1272 De
286 1228 421 1272 numero
445 1229 657 1272 consessuum
682 1227 782 1287 supra
798 1206 996 1286 disputatum
1014 1214 1071 1268 est.
1097 1205 1307 1268 Duodecimo
1326 1225 1438 1268 mense

210 1299 320 1380 plures
344 1318 518 1360 consessus
549 1297 771 1370 habebantur,
810 1295 970 1378 prioribus
1002 1294 1169 1356 mensibus
1201 1294 1347 1374 singulos
1371 1293 1449 1357 sere·

210 1389 376 1451 suffecisse
399 1388 591 1468 putaverim.

788 1612 861 1698 so.

387 1779 545 1879 Quibus
573 1782 616 1851 in
646 1782 781 1854 causis
810 1779 951 1853 arbitri
978 1777 1264 1852 iudicaverint.

257 1971 385 2053 Quibus
417 1973 448 2034 in
479 1972 584 2033 causis
619 1972 748 2034 arbitris
772 1970 934 2034 iudicandi
966 1967 1059 2034 fuerit
1082 1978 1249 2051 potestaS,
1283 1981 1316 2034 et
1340 1973 1454 2034 Meier·

212 2059 397 2148 (p.18sq,)
421 2069 453 2122 et
476 2060 605 2124 Hubert
620 2058 663 2146 (p.
682 2059 724 2122 35
748 2059 812 2144 sq.)
838 2061 937 2122 multo
969 2079 1041 2120 cum
1074 2059 1183 2121 studio
1200 2063 1440 2142 quaesiverunt.

211 2151 313 2214 Meier
336 2151 464 2213 incertis
495 2151 692 2231 argumentis
728 2151 845 2212 ductus
876 2147 1060 2228 complures
1093 2169 1208 2210 causas
1233 2148 1303 2212 foro
1328 2170 1441 2213 eorum

213 2239 362 2321 excepit;
398 2238 527 2301 Hubert
558 2245 604 2319 (p.
622 2236 676 2326 39)
699 2239 878 2312 contendit,
911 2237 983 2316 lege
1007 2236 1125 2316 Lysiae
1148 2238 1354 2320 temporibus
1378 2238 1444 2300 lata

211 2348 327 2392 omnes
351 2329 492 2408 privatas
517 2328 633 2389 civium
665 2347 780 2389 causas
803 2335 934 2407 praeter
957 2345 1023 2400 eaS,
1049 2345 1133 2406 quae
1157 2327 1243 2388 δίκαι
1267 2328 1444 2409 ἒμπορικαί

213 2417 416 2491 dicebantur,
441 2416 529 2497 apud
553 2416 706 2478 arbitrum
734 2417 787 2496 agi
811 2415 993 2481 debuissse,
1017 2415 1195 2496 Peregrinis
1219 2423 1328 2477 autem
1353 2416 1440 2497 apud

214 2506 351 2586 arbitros
382 2513 506 2567 certare
538 2525 604 2566 non
634 2505 774 2567 licuisse.
819 2503 882 2588 (Cf,
908 2501 997 2565 Suid.
1022 2524 1048 2565 S.
1072 2524 1102 2564 V.
1128 2504 1280 2588 διαιτηταί
1312 2513 1345 2566 et
1375 2505 1453 2566 lex..

215 2593 310 2674 Segu.
335 2617 367 2676 p.
386 2593 460 2672 310,
491 2593 539 2655 17.
564 2594 686 2656 Psellus
714 2593 774 2656 102
789 2591 824 2676 ³).

257 2683 451 2746 Dividamus
481 2684 577 2763 igitur
606 2692 710 2745 totam
754 2683 977 2765 quaestionem
1017 2681 1059 2742 ab
1090 2681 1270 2744 Aristotele
1299 2682 1439 2763 splendi-

214 2773 345 2835 dissime
361 2773 551 2835 illustratam
576 2780 609 2833 et
631 2773 772 2852 primum
789 2772 958 2853 loquamur

426 2996 473 3071 A.
502 2994 565 3070 De
584 2999 902 3093 peregrinorum
928 2996 1225 3071 iurisdictione.

257 3199 502 3279 Peregrinorum
527 3220 644 3262 causas
668 3199 710 3261 ad
727 3200 972 3279 polemarchum
990 3199 1113 3263 delatas
1129 3218 1202 3261 esse
1220 3199 1343 3260 dudum
1360 3219 1440 3278 cog-

212 3289 312 3350 nitum
329 3299 407 3352 erat.
426 3289 541 3351 Cetera
564 3288 759 3351 Aristoteles
782 3291 814 3351 in
838 3309 909 3370 cap,
923 3289 1038 3365 LVIII,
1063 3289 1153 3369 quod
1170 3289 1211 3352 de
1228 3287 1454 3368 polemarcho

212 3386 273 3452 est,
298 3377 362 3439 hac
385 3379 509 3441 ratione
532 3377 691 3458 explicat:

258 3467 349 3528 Δίκαι
365 3467 400 3530 δὲ
417 3468 623 3548 λανχάνονται
646 3467 729 3549 πρὸς
745 3466 841 3530 αὐτὸν
865 3467 940 3529 ἴδιαι
959 3467 1062 3548 μόνον
1086 3467 1121 3528 αἴ
1139 3489 1170 3528 τε
1193 3472 1258 3535 τοῖς
1280 3466 1440 3546 μετοίκοις

213 3555 268 3618 καὶ
299 3562 364 3624 τοῖς
394 3557 543 3620 ἰοοτελέαι
573 3557 627 3619 καὶ
657 3563 723 3625 τοῖς
755 3556 924 3637 προξένοις
955 3556 1134 3638 γιγνόμεναι
1148 3555 1234 3617 *καὶ
1258 3555 1307 3616 δεῖ
1326 3560 1439 3617 τοῦτον

213 3645 349 3725 λαβόντα
381 3647 435 3708 καὶ
474 3646 676 3726 διανείμαντα
711 3644 789 3708 δέκα
821 3645 904 3727 μέρη
936 3643 971 3706 τὸ
1003 3644 1101 3724 λαχὸν
1133 3645 1249 3724 ἑκάστῃ
1280 3646 1318 3722 τῇ
1350 3643 1438 3724 φυλῇ

212 3735 315 3815 μέρος
344 3735 543 3815 προσθεῖναι,
570 3733 645 3802 τοὺς
672 3733 707 3796 δὲ
733 3735 790 3816 τὴν
814 3734 919 3816 φυλὴν
942 3730 1160 3818 ornaturae)
1183 3739 1249 3802 τοῖς
1272 3732 1456 3815 διαιτηταῖς·

213 3895 373 3902 *—

250 3979 273 4044 1)
292 3982 341 4030 Die
361 3989 406 4032 att.
426 3981 732 4046 Geschwornengerichte
752 3998 779 4046 p.
800 3981 841 4033 74.

249 4049 272 4116 ν)
292 4051 332 4104 cr.
352 4055 426 4103 uem.
445 4050 538 4118 ιιιαξ
559 4053 601 4102 ετ.

249 4120 272 4190 ⁸)
291 4124 328 4172 CI.
348 4125 475 4173 Thumser
493 4142 518 4190 p.
537 4123 596 4172 592.
633 4123 637 4133 ’

248 4194 271 4260 ⁴)
289 4195 305 4246 i.
319 4211 343 4246 e.
355 4211 478 4258 pagorum
497 4196 604 4258 iudices,
624 4211 729 4259 quorum
749 4195 865 4259 quaterni
883 4193 993 4256 singulas
1012 4193 1093 4241 tribus
1105 4193 1261 4243 iudicabant.
1281 4193 1341 4241 Hos
1361 4193 1438 4257 sigui·

215 4265 291 4315 ficari
311 4267 466 4316 documento
491 4274 530 4314 est
542 4265 586 4316 Ar.
604 4263 656 4317 'Ad
675 4264 732 4315 πολ.
752 4281 808 4330 cap.
822 4265 865 4328 48,
888 4263 934 4331 §5
958 4268 1009 4319 τοῖς
1029 4262 1160 4318 δικασταῖς
1179 4269 1230 4317 τοῖς
1250 4260 1317 4313 κατὰ
1330 4261 1455 4328 δήμους,.

216 4337 243 4387 οἳ
259 4334 305 4402 τὴν
324 4333 411 4402 φυλὴν
429 4334 523 4402 ταύτην
541 4333 700 4395 δικάζουσιν.
715 4334 857 4389 (inibidem
874 4351 930 4404 cap.
945 4337 987 4393 53,
999 4337 1021 4387 2.
1033 4337 1090 4386 Huc
1099 4337 1228 4399 pertiuent
1243 4337 1294 4383 duo
1308 4346 1456 4384 oratorum.

215 4409 280 4459 loci:
301 4411 360 4474 Lys.
383 4409 425 4468 23,
455 4406 472 4474 ξ
494 4408 607 4463 2;1sae.
628 4409 697 4472 apud
723 4410 803 4474 Harp.
824 4425 844 4458 s.
863 4425 886 4457 v.
908 4407 954 4459 ὅτι.
974 4407 1066 4472 Inepta
1095 4416 1133 4456 est
1152 4405 1284 4470 Kenyonis
1308 4407 1457 4455 adnotatio·

215 4495 241 4544 p.
264 4481 313 4530 130
331 4497 351 4531 S.
364 4496 387 4528 v.
407 4485 459 4534 τοῖς
476 4475 526 4528 ἐπὶ.
