3330 5234
732 483 953 548 -30-

221 663 415 732 -ἀποδοῢναι,
440 658 560 747 auree)
584 661 744 743 δἐίσάγει
760 661 851 732 δίκας
877 665 932 732 τάς
946 686 978 724 τε
998 667 1054 725 τοῦ
1071 662 1267 726 ἀποστασίου
1283 661 1337 722 καὶ
1353 661 1456 741 ἀπρο-

222 751 384 834 στασίουί)
407 752 462 815 καί
485 752 617 834 κλήρων
640 751 694 814 καί
718 752 904 834 ἐπικλήρων
925 757 992 821 τοῖς
1011 751 1181 833 μετοίκοις,
1207 749 1261 813 καί
1283 749 1369 812 τᾶλλ’
1393 750 1455 812 ὅσα

220 848 291 911 τοῖς
314 840 455 909 πολίταις
478 841 633 921 ὁᾶρχων,
658 846 754 902 ταῦτα
777 847 843 909 τοῖς
864 839 1025 922 μετοίκοις
1048 841 1067 902 ὁ
1090 840 1306 921 πολέμαρχος.

272 930 380 1011 Quem
397 929 505 991 locum
517 928 633 990 Pollux
647 927 731 1004 VIII,
744 927 785 993 91
804 937 996 1009 excerptum
1014 937 1048 992 et
1065 928 1247 992 mutilatum
1257 935 1456 998 servaverat,

222 1019 274 1082 lta
296 1027 331 1082 ut
354 1037 468 1080 sensus
492 1017 578 1080 nullo
603 1017 703 1078 modo
727 1027 816 1080 recte
840 1018 994 1098 explicari
1019 1017 1177 1098 potuerit:
1204 1016 1297 1079 Δίκαι
1320 1011 1358 1079 δὲ
1374 1013 1458 1096 πρὸς

224 1107 329 1172 αὐτὸν
351 1108 558 1188 λαγχάνονιαι
581 1106 751 1189 μετοίκων,
777 1107 936 1181 ἰσοτελῶν,
969 1107 1148 1188 προξένων,
1180 1106 1235 1169 καὶ
1260 1106 1399 1187 διανέμει
1420 1104 1457 1168 τὸ

225 1197 339 1278 lapda,
361 1196 480 1276 ἑκάστῃ
497 1196 584 1278 φυλή
599 1220 627 1258 τι
640 1197 750 1277 μέρος,
774 1195 810 1258 τὸ
834 1198 896 1278 μέν
912 1196 1080 1281 διαιτηταῖς
1096 1195 1306 1276 παραδιδούς,
1323 1193 1458 1274 εἰσάγων

225 1286 266 1349 ’δὲ
289 1285 381 1354 δίκας
397 1285 604 1358 ἀποστασίου,
631 1285 858 1366 ἀπροστασίου,
883 1286 1025 1369 κλήροιν,
1048 1285 1216 1367 μετοίκων.

276 1374 361 1436 Nam
378 1373 546 1456 quomodo
571 1382 604 1435 et
629 1374 730 1456 pulei
751 1373 770 1442 i.
795 1394 824 1438 e.
849 1394 1008 1454 pagorum
1039 1373 1164 1436 iudices
1186 1371 1382 1453 singularum
1406 1369 1461 1432 tri·

226 1463 332 1526 'buum
356 1472 389 1525 et
413 1463 566 1546 dictamni
598 1462 716 1526 eadem
748 1463 779 1524 in
810 1483 846 1524 re
878 1463 1166 1544 coniungerentur,
1201 1480 1338 1542 prorsus
1361 1479 1460 1524 nemo

233 1550 420 1632 intellegere
450 1559 592 1633 poterat.
631 1551 748 1633 Itaque
778 1552 919 1615 virorum
952 1552 1126 1614 doctorum
1161 1551 1212 1612 alii
1236 1549 1297 1613 alia
1307 1548 1330 1632 3)
1354 1548 1461 1611 conie-

225 1649 354 1715 cerunt,
379 1649 415 1702 ut
437 1640 544 1701 locum
567 1650 728 1703 sanarent.
755 1639 850 1721 Quae
874 1642 983 1704 omnia
1006 1639 1135 1703 Hubert
1158 1651 1202 1722 lp.
1229 1636 1282 1724 29)
1306 1638 1338 1700 in
1362 1657 1462 1700 unum

226 1730 378 1794 contulit.
418 1729 484 1792 Sed
515 1749 601 1790 nunc
623 1729 744 1792 inutilia
768 1739 801 1793 et
824 1730 1063 1809 praetereunda
1086 1738 1168 1797 sunt¹
1204 1728 1343 1790 Pollucis
1376 1726 1461 1788 enim

232 1818 323 1880 locus
347 1838 411 1880 non
436 1817 613 1880 scribarum
638 1819 766 1881 mendis
783 1827 955 1898 corruptus
972 1825 1049 1892 erat,
1075 1819 1135 1880 sed
1160 1826 1274 1880 auctor
1296 1816 1368 1897 ipse
1391 1834 1461 1877 rem

226 1906 408 1988 ignorabat
439 1906 582 1986 ideoque
613 1926 684 1968 eam
716 1907 903 1970 obscuravit
926 1916 959 1970 et
982 1906 1154 1988 implicuit,
1187 1926 1249 1968 nec
1282 1906 1463 1968 coniunctis

229 1997 375 2057 ‘virorum
400 1994 573 2057 doctorum
598 1995 711 2057 studiis
736 1996 883 2076 contigit,
920 2005 956 2058 ut
979 2016 1093 2059 omnes
1118 1995 1306 2060 tollerentur
1330 1992 1464 2056 difficul-

227 2093 331 2152 tates.
355 2083 459 2146 Immo
484 2103 588 2146 novae
609 2084 824 2148 cummulatae
844 2094 935 2163 sunt,
960 2105 1033 2148 cum
1051 2084 1190 2147 Pollucis
1204 2084 1312 2147 locum
1329 2084 1372 2145 ad
1390 2101 1463 2146 eam

229 2173 404 2251 rationem,
430 2192 513 2254 quae
549 2173 632 2236 inter
665 2173 768 2237 tribus
802 2182 836 2235 et
870 2173 1011 2236 arbitros
1045 2173 1268 2250 intercederet,
1301 2171 1464 2254 pertinere

236 2271 397 2345 putarent.
445 2260 545 2342 Quod
577 2263 782 2342 transpositis
814 2264 945 2326 demum
970 2263 1077 2325 verbis
1102 2263 1134 2324 in
1156 2261 1192 2325 τδ
1212 2262 1273 2342 μὲν
1297 2262 1466 2344 διαιτηταῖς

236 2350 445 2432 παραδιδούς,
470 2351 587 2432 ἑκάστῃ
612 2352 700 2434 φυλῇ
721 2376 749 2414 τι
771 2353 874 2435 μέρος
898 2351 1013 2416 effecta
1032 2360 1093 2420 est.
1116 2351 1209 2415 Haec
1224 2350 1353 2413 Hubert
1375 2358 1465 2414 recte

230 2440 410 2521 redarguit,
434 2439 541 2501 sedin
558 2460 598 2501 eo
616 2442 741 2518 erravit,
764 2442 854 2524 quod
871 2441 1009 2503 Pollucis
1025 2441 1126 2503 verba
1140 2440 1182 2502 ad
1196 2439 1286 2503 solos
1302 2458 1465 2520 pagorum

229 2529 361 2592 iudices
386 2528 525 2606 rettulit,
558 2528 753 2592 arbitrorum
782 2549 860 2592 vero
894 2549 1016 2592 nomen
1040 2530 1290 2611 interpolatione
1314 2529 1470 2590 insertum

235 2638 315 2682 esse
339 2617 475 2680 censuit.
501 2615 567 2679 Sed
592 2619 729 2680 sirecte
753 2619 1012 2700 interpretamur,
1038 2616 1234 2681 Aristoteles
1258 2617 1300 2679 de
1324 2617 1470 2700 utrisque

244 2708 331 2780 dicit,
356 2714 388 2768 et
412 2725 571 2786 pagorum
595 2706 755 2768 iudicibus
779 2715 813 2770 et
836 2707 971 2781 arbitris,
1008 2707 1126 2790 quibus
1149 2705 1378 2788 polemarchus
1402 2703 1471 2784 plu·

237 2796 341 2856 rimas
372 2814 488 2857 causas
519 2815 539 2855 a
561 2796 740 2876 peregrinis
772 2805 925 2876 acceptas
950 2797 1171 2859 diiudicandas
1194 2794 1356 2858 tradebat.
1395 2793 1471 2875 Ipse

245 2893 353 2946 autem
375 2883 543 2945 actionum
558 2885 766 2964 privatarum,
784 2905 864 2966 quas
881 2884 968 2947 solas
983 2885 1176 2966 accipiebat,
1201 2903 1267 2947 non
1284 2884 1358 2964 plus
1375 2890 1473 2964 quat·

236 2972 351 3054 ruore)
376 2971 556 3036 instruebat
578 2981 611 3035 et
634 2974 677 3035 ad
701 2975 825 3037 iudices
841 2973 1027 3036 heliasticos
1043 2974 1178 3037 ferebat.
1204 2973 1337 3036 Ceteras
1354 2991 1472 3036 causas

236 3062 386 3142 privatas
411 3081 572 3141 pagorum
596 3062 756 3124 iudicibus
772 3063 959 3140 mandabat,
987 3064 1040 3145 qui
1056 3083 1106 3125 res
1121 3065 1222 3144 pluris
1239 3081 1337 3144 quam
1354 3062 1472 3122 decem

244 3150 410 3214 drachmis
434 3150 622 3212 aestimatas
647 3151 775 3213 arbitris
799 3152 992 3215 iudicandas
1017 3161 1106 3214 sorte
1131 3149 1412 3234 distribuebant⁵).
1437 3147 1471 3211 Si

236 3249 352 3304 ¹autem
376 3239 540 3320 litigantes
564 3241 697 3302 arbitrio
722 3261 787 3302 non
811 3241 1073 3323 acquiescebant,
1098 3242 1331 3323 provocatione
1354 3260 1406 3302 res
1429 3238 1471 3301 ad

243 3327 315 3390 illos
338 3327 476 3406 redibat,
501 3348 567 3390 non
590 3329 633 3390 ad
658 3328 912 3409 polemarchum,
945 3329 1033 3410 quod
1057 3331 1165 3392 verbis
1189 3329 1352 3410 oppositis
1376 3326 1473 3398 αὐτὸς

244 3417 387 3498 δἐῖσάγει
419 3411 566 3480 eflicitur.
613 3416 668 3480 Sic
703 3439 722 3480 a
753 3419 964 3498 polemarcho
997 3439 1056 3499 per
1086 3438 1246 3501 pagorum
1276 3418 1398 3481 iudices
1430 3417 1472 3478 ad

236 3506 382 3568 „arbitros
397 3506 449 3566 via
464 3504 596 3580 ferebat,
614 3506 791 3589 longinqua
807 3505 860 3569 illa
876 3508 1009 3588 quidem
1024 3509 1094 3586 sed,
1112 3517 1147 3571 ut
1162 3506 1241 3570 infra
1256 3526 1472 3587 exponemus,

240 3596 391 3657 similiter
415 3603 447 3656 et
471 3595 502 3657 in
526 3595 593 3656 aliis
618 3597 724 3659 causis
748 3598 874 3660 usitata.

288 3682 356 3746 Sed
379 3683 567 3746 Aristotelis
601 3684 701 3747 verba
724 3685 927 3767 διανείμαντα
953 3685 1029 3748 δέκα
1056 3687 1140 3770 μέρη
1164 3685 1200 3748 τὸ
1228 3684 1326 3765 λαχὸν
1355 3686 1471 3766 ἑκάστῃ

235 3776 281 3852 «τῇ
304 3773 390 3854 φυλῇ
404 3773 505 3854 μέρος
527 3774 717 3854 προσθεῖναι
733 3776 933 3836 accuratiore
959 3774 1179 3855 explicatione
1196 3793 1294 3854 egere
1313 3776 1472 3842 videntur.

288 3983 307 4051 1)
327 3985 365 4034 Cs.
385 3988 465 4051 Harp.
485 4003 505 4039 s.
514 4003 537 4039 v.
556 3984 726 4052 πολέμαρχος.

280 4054 303 4119 2)
322 4057 458 4106 Actionem
472 4054 647 4121 ἀπροστασίου
661 4060 745 4108 adhuc
758 4059 888 4125 publicam
901 4061 1025 4112 duximus.
1045 4061 1084 4111 Cf.
1103 4062 1137 4110 D.
1154 4068 1198 4114 att.
1212 4058 1299 4114 Proe.2
1327 4079 1352 4128 p.
1370 4061 1422 4111 388
1435 4076 1472 4126 sq.

242 4127 398 4176 Aristoteles
418 4144 473 4177 eam
487 4130 552 4180 inter
570 4131 681 4194 privatas
701 4141 839 4181 enumerat.

280 4194 299 4261 8)
320 4199 504 4248 Hudtwalclrer
522 4217 548 4265 p.
560 4201 607 4260 69;
626 4202 707 4250 Meter
720 4221 745 4268 p.
761 4204 803 4264 18,
817 4204 859 4262 19;
879 4203 1023 4252 Schemann
1037 4201 1187 4266 Philologus
1200 4203 1222 4264 Ι,
1231 4221 1258 4269 p.
1273 4204 1332 4261 7293
1342 4201 1474 4270 (Schenkl,

246 4269 349 4318 Wiener
367 4270 471 4320 Studien
491 4271 523 4333 ll,
543 4289 571 4336 p.
591 4273 643 4321 214
664 4272 712 4338 sq).

282 4339 304 4403 ⁴)
324 4357 358 4390 sc.
378 4339 544 4402 ἀποστασίου,
563 4339 748 4406 σ’προστασίου,
767 4341 884 4410 κλήρων,
906 4342 1066 4410 ἐπικλήρων.

280 4409 301 4474 ⁵)
322 4411 361 4462 Cl.
381 4411 492 4462 Darestii
511 4415 617 4464 eandem
637 4415 877 4480 interpretationem
896 4417 924 4465 in
939 4417 1051 4468 Se'ances
1071 4425 1097 4466 et
1116 4424 1181 4467 trav.
1197 4419 1228 4467 de
1248 4417 1303 4470 l'ac.
1315 4418 1339 4466 d.
1360 4433 1396 4468 sc.
1410 4427 1476 4469 mor.

240 4489 273 4530 et
292 4484 346 4546 pol.
365 4500 389 4549 p.
411 4485 461 4534 353
481 4483 572 4549 (1891,
590 4486 625 4538 11.
645 4485 726 4553 Sem).
