<?xml version="1.0" encoding="UTF-8"?>
<!DOCTYPE html PUBLIC "-//W3C//DTD XHTML 1.0 Transitional//EN"
    "http://www.w3.org/TR/xhtml1/DTD/xhtml1-transitional.dtd">
<html xmlns="http://www.w3.org/1999/xhtml" xml:lang="en" lang="en">
 <head>
  <title>
</title>
<meta http-equiv="Content-Type" content="text/html;charset=utf-8" />
  <meta name='ocr-system' content='tesseract 3.04.00' />
  <meta name='ocr-capabilities' content='ocr_page ocr_carea ocr_par ocr_line ocrx_word'/>
</head>
<body>
  <div class='ocr_page' id='page_1' title='image "./dearbitrisathen01piscgoog_0025.png"; bbox 0 0 3330 5234; ppageno 0'>
   <div class='ocr_carea' id='block_1_1' title="bbox 747 452 969 516">
    <p class='ocr_par' dir='ltr' id='par_1_1' title="bbox 747 452 969 516">
     <span class='ocr_line' id='line_1_1' title="bbox 747 452 969 516; baseline -0.009 -16"><span class='ocrx_word' id='word_1_1' title='bbox 747 452 969 516; x_wconf 70' lang='lat'>..20-</span> 
     </span>
    </p>
   </div>
   <div class='ocr_carea' id='block_1_2' title="bbox 244 629 1481 984">
    <p class='ocr_par' dir='ltr' id='par_1_2' title="bbox 244 629 1481 984">
     <span class='ocr_line' id='line_1_2' title="bbox 244 629 1478 714; baseline -0.005 -18"><span class='ocrx_word' id='word_1_2' title='bbox 244 635 332 714; x_wconf 88' lang='lat' dir='ltr'>apud</span> <span class='ocrx_word' id='word_1_3' title='bbox 357 631 479 695; x_wconf 89' lang='lat' dir='ltr'>iudices</span> <span class='ocrx_word' id='word_1_4' title='bbox 504 639 537 692; x_wconf 92' lang='lat' dir='ltr'>et</span> <span class='ocrx_word' id='word_1_5' title='bbox 552 631 641 712; x_wconf 89' lang='lat' dir='ltr'>apud</span> <span class='ocrx_word' id='word_1_6' title='bbox 658 630 805 707; x_wconf 75' lang='lat' dir='ltr'>arbitroS,</span> <span class='ocrx_word' id='word_1_7' title='bbox 830 651 895 693; x_wconf 93' lang='lat' dir='ltr'>non</span> <span class='ocrx_word' id='word_1_8' title='bbox 919 631 1007 711; x_wconf 91' lang='lat' dir='ltr'>apud</span> <span class='ocrx_word' id='word_1_9' title='bbox 1028 632 1254 711; x_wconf 87' lang='lat' dir='ltr'>magistratum</span> <span class='ocrx_word' id='word_1_10' title='bbox 1272 648 1406 691; x_wconf 92' lang='lat' dir='ltr'>causam</span> <span class='ocrx_word' id='word_1_11' title='bbox 1430 629 1478 690; x_wconf 55' lang='lat' dir='ltr'>in»</span> 
     </span>
     <span class='ocr_line' id='line_1_3' title="bbox 245 718 1481 806; baseline -0.005 -22"><span class='ocrx_word' id='word_1_12' title='bbox 245 730 421 786; x_wconf 84' lang='lat' dir='ltr'><strong>struentem</strong></span> <span class='ocrx_word' id='word_1_13' title='bbox 445 721 476 782; x_wconf 92' lang='lat' dir='ltr'>in</span> <span class='ocrx_word' id='word_1_14' title='bbox 500 739 561 781; x_wconf 93' lang='lat' dir='ltr'>usu</span> <span class='ocrx_word' id='word_1_15' title='bbox 584 718 695 806; x_wconf 81' lang='lat' dir='ltr'>erat1),</span> <span class='ocrx_word' id='word_1_16' title='bbox 726 719 937 802; x_wconf 80' lang='grc' dir='ltr'><em>Ἐξωμοσίαν</em></span> <span class='ocrx_word' id='word_1_17' title='bbox 961 720 1070 781; x_wconf 88' lang='lat' dir='ltr'>autem</span> <span class='ocrx_word' id='word_1_18' title='bbox 1094 718 1181 799; x_wconf 87' lang='lat' dir='ltr'>apud</span> <span class='ocrx_word' id='word_1_19' title='bbox 1206 719 1328 780; x_wconf 89' lang='lat' dir='ltr'>iudices</span> <span class='ocrx_word' id='word_1_20' title='bbox 1353 737 1418 780; x_wconf 92' lang='lat' dir='ltr'>non</span> <span class='ocrx_word' id='word_1_21' title='bbox 1443 718 1481 778; x_wconf 84' lang='lat' dir='ltr'>im</span> 
     </span>
     <span class='ocr_line' id='line_1_4' title="bbox 244 804 1473 892; baseline -0.001 -20"><span class='ocrx_word' id='word_1_22' title='bbox 244 811 298 873; x_wconf 90' lang='lat' dir='ltr'>illo</span> <span class='ocrx_word' id='word_1_23' title='bbox 321 810 429 892; x_wconf 92' lang='lat' dir='ltr'>lapide</span> <span class='ocrx_word' id='word_1_24' title='bbox 453 809 567 870; x_wconf 89' lang='lat' dir='ltr'>sedin</span> <span class='ocrx_word' id='word_1_25' title='bbox 591 811 664 888; x_wconf 90' lang='lat' dir='ltr'>ipso</span> <span class='ocrx_word' id='word_1_26' title='bbox 688 809 808 871; x_wconf 89' lang='lat' dir='ltr'>iudicio</span> <span class='ocrx_word' id='word_1_27' title='bbox 844 805 964 870; x_wconf 81' lang='lat' dir='ltr'>iactam</span> <span class='ocrx_word' id='word_1_28' title='bbox 989 827 1064 872; x_wconf 92' lang='lat' dir='ltr'>esse</span> <span class='ocrx_word' id='word_1_29' title='bbox 1088 827 1106 869; x_wconf 95' lang='lat' dir='ltr'>e</span> <span class='ocrx_word' id='word_1_30' title='bbox 1129 808 1225 874; x_wconf 88' lang='lat' dir='ltr'>Dem.</span> <span class='ocrx_word' id='word_1_31' title='bbox 1250 827 1295 876; x_wconf 82' lang='lat' dir='ltr'>or,</span> <span class='ocrx_word' id='word_1_32' title='bbox 1321 806 1363 868; x_wconf 76' lang='lat'>45</span> <span class='ocrx_word' id='word_1_33' title='bbox 1386 804 1473 892; x_wconf 85' lang='lat' dir='ltr'>(adv.</span> 
     </span>
     <span class='ocr_line' id='line_1_5' title="bbox 244 896 655 984; baseline -0.012 -21"><span class='ocrx_word' id='word_1_34' title='bbox 244 899 373 984; x_wconf 74' lang='lat' dir='ltr'>Steph.l</span> <span class='ocrx_word' id='word_1_35' title='bbox 396 896 418 983; x_wconf 67' lang='grc' dir='ltr'>ξ</span> <span class='ocrx_word' id='word_1_36' title='bbox 442 897 488 960; x_wconf 76' lang='lat'>60</span> <span class='ocrx_word' id='word_1_37' title='bbox 510 906 655 978; x_wconf 84' lang='lat' dir='ltr'>apparet.</span> 
     </span>
    </p>
   </div>
   <div class='ocr_carea' id='block_1_3' title="bbox 244 990 1482 1973">
    <p class='ocr_par' dir='ltr' id='par_1_3' title="bbox 244 990 1482 1973">
     <span class='ocr_line' id='line_1_6' title="bbox 288 990 1472 1090; baseline -0.003 -22"><span class='ocrx_word' id='word_1_38' title='bbox 288 1007 350 1068; x_wconf 94' lang='lat' dir='ltr'>Hic</span> <span class='ocrx_word' id='word_1_39' title='bbox 373 990 490 1090; x_wconf 60' lang='lat' dir='ltr'>aliquis</span> <span class='ocrx_word' id='word_1_40' title='bbox 514 1003 717 1078; x_wconf 86' lang='lat' dir='ltr'>concluserit,</span> <span class='ocrx_word' id='word_1_41' title='bbox 742 1006 832 1085; x_wconf 92' lang='lat' dir='ltr'>quod</span> <span class='ocrx_word' id='word_1_42' title='bbox 857 1003 898 1065; x_wconf 87' lang='lat' dir='ltr'>de</span> <span class='ocrx_word' id='word_1_43' title='bbox 922 1004 1089 1086; x_wconf 81' lang='grc' dir='ltr'><em>ἕξωμοσίᾳ</em></span> <span class='ocrx_word' id='word_1_44' title='bbox 1113 1023 1156 1065; x_wconf 87' lang='lat' dir='ltr'>ex</span> <span class='ocrx_word' id='word_1_45' title='bbox 1180 1002 1361 1068; x_wconf 87' lang='lat' dir='ltr'>Aristotele</span> <span class='ocrx_word' id='word_1_46' title='bbox 1386 1024 1472 1066; x_wconf 92' lang='lat' dir='ltr'>com·</span> 
     </span>
     <span class='ocr_line' id='line_1_7' title="bbox 244 1091 1481 1176; baseline -0.002 -19"><span class='ocrx_word' id='word_1_47' title='bbox 244 1097 404 1176; x_wconf 89' lang='lat' dir='ltr'>perimus,</span> <span class='ocrx_word' id='word_1_48' title='bbox 438 1094 533 1156; x_wconf 91' lang='lat' dir='ltr'>etiam</span> <span class='ocrx_word' id='word_1_49' title='bbox 565 1095 605 1154; x_wconf 87' lang='lat' dir='ltr'>ad</span> <span class='ocrx_word' id='word_1_50' title='bbox 637 1092 719 1172; x_wconf 92' lang='lat' dir='ltr'>loca,</span> <span class='ocrx_word' id='word_1_51' title='bbox 759 1091 813 1155; x_wconf 93' lang='lat' dir='ltr'>ubi</span> <span class='ocrx_word' id='word_1_52' title='bbox 837 1092 948 1155; x_wconf 88' lang='lat' dir='ltr'>arbitri</span> <span class='ocrx_word' id='word_1_53' title='bbox 973 1093 1200 1168; x_wconf 84' lang='lat' dir='ltr'>considebant,</span> <span class='ocrx_word' id='word_1_54' title='bbox 1229 1093 1481 1172; x_wconf 88' lang='lat' dir='ltr'>quodammodo</span> 
     </span>
     <span class='ocr_line' id='line_1_8' title="bbox 244 1181 1475 1265; baseline 0 -20"><span class='ocrx_word' id='word_1_55' title='bbox 244 1185 415 1265; x_wconf 89' lang='lat' dir='ltr'>pertinere.</span> <span class='ocrx_word' id='word_1_56' title='bbox 440 1183 525 1245; x_wconf 89' lang='lat' dir='ltr'>Nam</span> <span class='ocrx_word' id='word_1_57' title='bbox 546 1183 572 1243; x_wconf 87' lang='lat' dir='ltr'>si</span> <span class='ocrx_word' id='word_1_58' title='bbox 588 1189 690 1245; x_wconf 91' lang='lat' dir='ltr'>testes</span> <span class='ocrx_word' id='word_1_59' title='bbox 707 1181 896 1244; x_wconf 91' lang='lat' dir='ltr'>testimonia</span> <span class='ocrx_word' id='word_1_60' title='bbox 911 1201 975 1243; x_wconf 93' lang='lat' dir='ltr'>non</span> <span class='ocrx_word' id='word_1_61' title='bbox 992 1190 1195 1262; x_wconf 85' lang='lat' dir='ltr'>praestantes</span> <span class='ocrx_word' id='word_1_62' title='bbox 1211 1182 1294 1242; x_wconf 88' lang='lat' dir='ltr'>inter</span> <span class='ocrx_word' id='word_1_63' title='bbox 1309 1182 1475 1264; x_wconf 82' lang='grc' dir='ltr'><em>ἀνάκρισιν</em></span> 
     </span>
     <span class='ocr_line' id='line_1_9' title="bbox 244 1269 1479 1352; baseline -0.002 -18"><span class='ocrx_word' id='word_1_64' title='bbox 244 1273 354 1334; x_wconf 89' lang='lat' dir='ltr'>arbitri</span> <span class='ocrx_word' id='word_1_65' title='bbox 386 1273 428 1333; x_wconf 93' lang='lat' dir='ltr'>ad</span> <span class='ocrx_word' id='word_1_66' title='bbox 459 1270 546 1332; x_wconf 92' lang='lat' dir='ltr'>illum</span> <span class='ocrx_word' id='word_1_67' title='bbox 577 1269 717 1352; x_wconf 88' lang='lat' dir='ltr'>lapidem</span> <span class='ocrx_word' id='word_1_68' title='bbox 743 1270 884 1333; x_wconf 89' lang='lat' dir='ltr'>ducendi</span> <span class='ocrx_word' id='word_1_69' title='bbox 916 1280 1023 1349; x_wconf 88' lang='lat' dir='ltr'>erant,</span> <span class='ocrx_word' id='word_1_70' title='bbox 1055 1270 1177 1333; x_wconf 89' lang='lat' dir='ltr'>arbitrii</span> <span class='ocrx_word' id='word_1_71' title='bbox 1208 1269 1315 1334; x_wconf 93' lang='lat' dir='ltr'>locum</span> <span class='ocrx_word' id='word_1_72' title='bbox 1348 1271 1389 1332; x_wconf 88' lang='lat' dir='ltr'>ab</span> <span class='ocrx_word' id='word_1_73' title='bbox 1421 1271 1479 1332; x_wconf 86' lang='lat' dir='ltr'>illo</span> 
     </span>
     <span class='ocr_line' id='line_1_10' title="bbox 245 1357 1481 1442; baseline -0.003 -18"><span class='ocrx_word' id='word_1_74' title='bbox 245 1362 352 1442; x_wconf 90' lang='lat' dir='ltr'>lapide</span> <span class='ocrx_word' id='word_1_75' title='bbox 376 1380 441 1422; x_wconf 91' lang='lat' dir='ltr'>non</span> <span class='ocrx_word' id='word_1_76' title='bbox 465 1359 599 1422; x_wconf 90' lang='lat' dir='ltr'>multum</span> <span class='ocrx_word' id='word_1_77' title='bbox 623 1358 739 1422; x_wconf 83' lang='lat' dir='ltr'>afuisse</span> <span class='ocrx_word' id='word_1_78' title='bbox 764 1369 907 1439; x_wconf 82' lang='lat' dir='ltr'>putares,</span> <span class='ocrx_word' id='word_1_79' title='bbox 940 1360 1016 1420; x_wconf 94' lang='lat' dir='ltr'>Duo</span> <span class='ocrx_word' id='word_1_80' title='bbox 1032 1357 1114 1435; x_wconf 90' lang='lat' dir='ltr'>loca,</span> <span class='ocrx_word' id='word_1_81' title='bbox 1139 1369 1173 1421; x_wconf 95' lang='lat' dir='ltr'>ut</span> <span class='ocrx_word' id='word_1_82' title='bbox 1197 1378 1296 1438; x_wconf 87' lang='lat' dir='ltr'>supra</span> <span class='ocrx_word' id='word_1_83' title='bbox 1320 1361 1481 1434; x_wconf 80' lang='lat' dir='ltr'>diximus,</span> 
     </span>
     <span class='ocr_line' id='line_1_11' title="bbox 245 1446 1476 1533; baseline 0 -21"><span class='ocrx_word' id='word_1_84' title='bbox 245 1451 373 1523; x_wconf 91' lang='lat' dir='ltr'>scimus,</span> <span class='ocrx_word' id='word_1_85' title='bbox 406 1448 566 1511; x_wconf 88' lang='lat' dir='ltr'>heliaeam</span> <span class='ocrx_word' id='word_1_86' title='bbox 602 1446 709 1533; x_wconf 87' lang='lat' dir='ltr'>(Dem.</span> <span class='ocrx_word' id='word_1_87' title='bbox 734 1469 779 1514; x_wconf 87' lang='lat' dir='ltr'>or.</span> <span class='ocrx_word' id='word_1_88' title='bbox 806 1448 848 1510; x_wconf 77' lang='lat'>47</span> <span class='ocrx_word' id='word_1_89' title='bbox 872 1446 891 1530; x_wconf 61' lang='grc' dir='ltr'>ξ</span> <span class='ocrx_word' id='word_1_90' title='bbox 919 1448 971 1529; x_wconf 78' lang='grc'>12)</span> <span class='ocrx_word' id='word_1_91' title='bbox 996 1457 1028 1510; x_wconf 92' lang='lat' dir='ltr'>et</span> <span class='ocrx_word' id='word_1_92' title='bbox 1059 1447 1156 1510; x_wconf 82' lang='grc' dir='ltr'><em>στοὰν</em></span> <span class='ocrx_word' id='word_1_93' title='bbox 1186 1449 1334 1531; x_wconf 78' lang='grc' dir='ltr'><strong><em>ποικίλην</em></strong></span> <span class='ocrx_word' id='word_1_94' title='bbox 1366 1447 1476 1533; x_wconf 88' lang='lat' dir='ltr'>(Dem.</span> 
     </span>
     <span class='ocr_line' id='line_1_12' title="bbox 247 1536 1475 1622; baseline 0 -22"><span class='ocrx_word' id='word_1_95' title='bbox 247 1559 293 1601; x_wconf 89' lang='lat' dir='ltr'>or.</span> <span class='ocrx_word' id='word_1_96' title='bbox 320 1539 361 1600; x_wconf 66' lang='lat'>45</span> <span class='ocrx_word' id='word_1_97' title='bbox 386 1536 407 1622; x_wconf 71' lang='grc' dir='ltr'>ξ</span> <span class='ocrx_word' id='word_1_98' title='bbox 437 1537 498 1620; x_wconf 85' lang='grc'>17),</span> <span class='ocrx_word' id='word_1_99' title='bbox 534 1536 659 1598; x_wconf 89' lang='lat' dir='ltr'>Tamen</span> <span class='ocrx_word' id='word_1_100' title='bbox 685 1536 726 1598; x_wconf 90' lang='lat' dir='ltr'>de</span> <span class='ocrx_word' id='word_1_101' title='bbox 751 1537 968 1608; x_wconf 82' lang='lat' dir='ltr'>ceterislocis</span> <span class='ocrx_word' id='word_1_102' title='bbox 992 1536 1169 1620; x_wconf 88' lang='lat' dir='ltr'>quidquam</span> <span class='ocrx_word' id='word_1_103' title='bbox 1192 1557 1254 1617; x_wconf 90' lang='lat' dir='ltr'>pro</span> <span class='ocrx_word' id='word_1_104' title='bbox 1279 1545 1369 1600; x_wconf 90' lang='lat' dir='ltr'>certo</span> <span class='ocrx_word' id='word_1_105' title='bbox 1393 1537 1475 1600; x_wconf 83' lang='lat' dir='ltr'>affir-</span> 
     </span>
     <span class='ocr_line' id='line_1_13' title="bbox 247 1624 1480 1712; baseline -0.001 -23"><span class='ocrx_word' id='word_1_106' title='bbox 247 1648 334 1689; x_wconf 91' lang='lat' dir='ltr'>mare</span> <span class='ocrx_word' id='word_1_107' title='bbox 358 1647 482 1694; x_wconf 81' lang='lat' dir='ltr'>vereor,</span> <span class='ocrx_word' id='word_1_108' title='bbox 508 1626 592 1687; x_wconf 91' lang='lat' dir='ltr'>Nam</span> <span class='ocrx_word' id='word_1_109' title='bbox 617 1635 652 1688; x_wconf 90' lang='lat' dir='ltr'>ut</span> <span class='ocrx_word' id='word_1_110' title='bbox 675 1627 706 1687; x_wconf 96' lang='lat' dir='ltr'>in</span> <span class='ocrx_word' id='word_1_111' title='bbox 729 1626 825 1689; x_wconf 88' lang='lat' dir='ltr'>Dem.</span> <span class='ocrx_word' id='word_1_112' title='bbox 844 1647 889 1688; x_wconf 87' lang='lat' dir='ltr'>or.</span> <span class='ocrx_word' id='word_1_113' title='bbox 916 1627 959 1690; x_wconf 72' lang='lat'>54</span> <span class='ocrx_word' id='word_1_114' title='bbox 981 1624 1004 1712; x_wconf 67' lang='grc' dir='ltr'>ξ</span> <span class='ocrx_word' id='word_1_115' title='bbox 1029 1625 1071 1687; x_wconf 78' lang='grc'>26</span> <span class='ocrx_word' id='word_1_116' title='bbox 1095 1626 1180 1688; x_wconf 91' lang='lat' dir='ltr'>actio</span> <span class='ocrx_word' id='word_1_117' title='bbox 1204 1627 1294 1707; x_wconf 90' lang='lat' dir='ltr'>apud</span> <span class='ocrx_word' id='word_1_118' title='bbox 1318 1626 1480 1688; x_wconf 84' lang='lat' dir='ltr'>arbitrum</span> 
     </span>
     <span class='ocr_line' id='line_1_14' title="bbox 247 1714 1480 1797; baseline -0.001 -19"><span class='ocrx_word' id='word_1_119' title='bbox 247 1719 330 1779; x_wconf 91' lang='lat' dir='ltr'>ultra</span> <span class='ocrx_word' id='word_1_120' title='bbox 354 1717 494 1792; x_wconf 85' lang='lat' dir='ltr'>mediam</span> <span class='ocrx_word' id='word_1_121' title='bbox 519 1723 649 1776; x_wconf 88' lang='lat' dir='ltr'>noctem</span> <span class='ocrx_word' id='word_1_122' title='bbox 674 1715 856 1791; x_wconf 85' lang='lat' dir='ltr'>duceretur,</span> <span class='ocrx_word' id='word_1_123' title='bbox 888 1714 1025 1779; x_wconf 85' lang='lat' dir='ltr'>fortasse</span> <span class='ocrx_word' id='word_1_124' title='bbox 1049 1735 1090 1778; x_wconf 93' lang='lat' dir='ltr'>eo</span> <span class='ocrx_word' id='word_1_125' title='bbox 1115 1715 1266 1779; x_wconf 86' lang='lat' dir='ltr'>effectum</span> <span class='ocrx_word' id='word_1_126' title='bbox 1291 1724 1350 1791; x_wconf 92' lang='lat' dir='ltr'>est,</span> <span class='ocrx_word' id='word_1_127' title='bbox 1384 1716 1480 1797; x_wconf 82' lang='lat' dir='ltr'>quod.</span> 
     </span>
     <span class='ocr_line' id='line_1_15' title="bbox 246 1803 1482 1885; baseline -0.001 -18"><span class='ocrx_word' id='word_1_128' title='bbox 246 1805 328 1885; x_wconf 89' lang='lat' dir='ltr'>lapis</span> <span class='ocrx_word' id='word_1_129' title='bbox 353 1826 372 1866; x_wconf 90' lang='lat' dir='ltr'>a</span> <span class='ocrx_word' id='word_1_130' title='bbox 397 1804 474 1865; x_wconf 85' lang='lat' dir='ltr'>sede</span> <span class='ocrx_word' id='word_1_131' title='bbox 496 1804 604 1865; x_wconf 85' lang='lat' dir='ltr'>arbitri</span> <span class='ocrx_word' id='word_1_132' title='bbox 628 1803 755 1883; x_wconf 86' lang='lat' dir='ltr'>longius</span> <span class='ocrx_word' id='word_1_133' title='bbox 778 1805 898 1868; x_wconf 89' lang='lat' dir='ltr'>aberat.</span> <span class='ocrx_word' id='word_1_134' title='bbox 918 1805 1076 1867; x_wconf 87' lang='lat' dir='ltr'>Veterum</span> <span class='ocrx_word' id='word_1_135' title='bbox 1090 1805 1131 1866; x_wconf 90' lang='lat' dir='ltr'>de</span> <span class='ocrx_word' id='word_1_136' title='bbox 1147 1804 1209 1866; x_wconf 90' lang='lat' dir='ltr'>hac</span> <span class='ocrx_word' id='word_1_137' title='bbox 1232 1823 1267 1866; x_wconf 90' lang='lat' dir='ltr'>re</span> <span class='ocrx_word' id='word_1_138' title='bbox 1290 1805 1482 1866; x_wconf 87' lang='lat' dir='ltr'>testimonia</span> 
     </span>
     <span class='ocr_line' id='line_1_16' title="bbox 246 1893 542 1973; baseline 0.01 -18"><span class='ocrx_word' id='word_1_139' title='bbox 246 1894 363 1955; x_wconf 84' lang='lat' dir='ltr'>frustra</span> <span class='ocrx_word' id='word_1_140' title='bbox 388 1893 542 1973; x_wconf 77' lang='lat' dir='ltr'>requiras</span> 
     </span>
    </p>
   </div>
   <div class='ocr_carea' id='block_1_4' title="bbox 245 1997 1481 3754">
    <p class='ocr_par' dir='ltr' id='par_1_4' title="bbox 245 1997 1481 3754">
     <span class='ocr_line' id='line_1_17' title="bbox 294 1997 1480 2078; baseline 0 -17"><span class='ocrx_word' id='word_1_141' title='bbox 294 1998 361 2062; x_wconf 88' lang='lat' dir='ltr'>Sed</span> <span class='ocrx_word' id='word_1_142' title='bbox 384 2019 425 2061; x_wconf 94' lang='lat' dir='ltr'>ne</span> <span class='ocrx_word' id='word_1_143' title='bbox 448 1999 574 2078; x_wconf 84' lang='lat' dir='ltr'>longius</span> <span class='ocrx_word' id='word_1_144' title='bbox 598 2018 617 2058; x_wconf 94' lang='lat' dir='ltr'>a</span> <span class='ocrx_word' id='word_1_145' title='bbox 641 1999 811 2078; x_wconf 91' lang='lat' dir='ltr'>proposito</span> <span class='ocrx_word' id='word_1_146' title='bbox 828 1997 1035 2073; x_wconf 88' lang='lat' dir='ltr'>declinemus,</span> <span class='ocrx_word' id='word_1_147' title='bbox 1061 2019 1157 2061; x_wconf 94' lang='lat' dir='ltr'>unum</span> <span class='ocrx_word' id='word_1_148' title='bbox 1175 2008 1263 2062; x_wconf 90' lang='lat' dir='ltr'>certe</span> <span class='ocrx_word' id='word_1_149' title='bbox 1276 1998 1480 2063; x_wconf 87' lang='lat' dir='ltr'>Aristoteles-</span> 
     </span>
     <span class='ocr_line' id='line_1_18' title="bbox 250 2086 1475 2169; baseline -0.001 -18"><span class='ocrx_word' id='word_1_150' title='bbox 250 2090 357 2166; x_wconf 91' lang='lat' dir='ltr'>docet,</span> <span class='ocrx_word' id='word_1_151' title='bbox 382 2087 471 2169; x_wconf 92' lang='lat' dir='ltr'>quod</span> <span class='ocrx_word' id='word_1_152' title='bbox 494 2086 727 2150; x_wconf 87' lang='lat' dir='ltr'>Hudtwalcker</span> <span class='ocrx_word' id='word_1_153' title='bbox 750 2097 782 2148; x_wconf 93' lang='lat' dir='ltr'>et</span> <span class='ocrx_word' id='word_1_154' title='bbox 805 2087 906 2150; x_wconf 89' lang='lat' dir='ltr'>Meier</span> <span class='ocrx_word' id='word_1_155' title='bbox 922 2089 1121 2168; x_wconf 84' lang='lat' dir='ltr'>argumentis</span> <span class='ocrx_word' id='word_1_156' title='bbox 1141 2108 1206 2151; x_wconf 92' lang='lat' dir='ltr'>non</span> <span class='ocrx_word' id='word_1_157' title='bbox 1222 2089 1325 2150; x_wconf 86' lang='lat' dir='ltr'>allatis</span> <span class='ocrx_word' id='word_1_158' title='bbox 1342 2097 1475 2152; x_wconf 83' lang='lat' dir='ltr'>conten·</span> 
     </span>
     <span class='ocr_line' id='line_1_19' title="bbox 250 2175 1471 2258; baseline -0.003 -16"><span class='ocrx_word' id='word_1_159' title='bbox 250 2179 375 2252; x_wconf 84' lang='lat' dir='ltr'>derant,</span> <span class='ocrx_word' id='word_1_160' title='bbox 401 2176 528 2238; x_wconf 89' lang='lat' dir='ltr'>Hubert</span> <span class='ocrx_word' id='word_1_161' title='bbox 551 2185 735 2256; x_wconf 82' lang='lat' dir='ltr'>negaverat,</span> <span class='ocrx_word' id='word_1_162' title='bbox 760 2175 908 2253; x_wconf 88' lang='lat' dir='ltr'>arbitros,</span> <span class='ocrx_word' id='word_1_163' title='bbox 933 2185 1108 2258; x_wconf 85' lang='lat' dir='ltr'>antequam</span> <span class='ocrx_word' id='word_1_164' title='bbox 1132 2177 1180 2238; x_wconf 95' lang='lat' dir='ltr'>ius</span> <span class='ocrx_word' id='word_1_165' title='bbox 1206 2178 1363 2252; x_wconf 88' lang='lat' dir='ltr'>dicerent,</span> <span class='ocrx_word' id='word_1_166' title='bbox 1389 2181 1471 2240; x_wconf 91' lang='lat' dir='ltr'>iure·</span> 
     </span>
     <span class='ocr_line' id='line_1_20' title="bbox 249 2265 1476 2345; baseline -0.002 -16"><span class='ocrx_word' id='word_1_167' title='bbox 249 2266 381 2329; x_wconf 90' lang='lat' dir='ltr'>iurando</span> <span class='ocrx_word' id='word_1_168' title='bbox 417 2265 553 2326; x_wconf 88' lang='lat' dir='ltr'>adactos</span> <span class='ocrx_word' id='word_1_169' title='bbox 588 2284 677 2340; x_wconf 73' lang='lat' dir='ltr'>esse,</span> <span class='ocrx_word' id='word_1_170' title='bbox 710 2273 778 2326; x_wconf 92' lang='lat' dir='ltr'>tum</span> <span class='ocrx_word' id='word_1_171' title='bbox 802 2285 844 2327; x_wconf 89' lang='lat' dir='ltr'>ex</span> <span class='ocrx_word' id='word_1_172' title='bbox 881 2266 1000 2327; x_wconf 87' lang='lat' dir='ltr'>eodem</span> <span class='ocrx_word' id='word_1_173' title='bbox 1038 2265 1156 2345; x_wconf 88' lang='lat' dir='ltr'>lapide,</span> <span class='ocrx_word' id='word_1_174' title='bbox 1194 2266 1248 2326; x_wconf 92' lang='lat' dir='ltr'>ubi</span> <span class='ocrx_word' id='word_1_175' title='bbox 1284 2266 1476 2340; x_wconf 76' lang='lat' dir='ltr'>iuraverant,</span> 
     </span>
     <span class='ocr_line' id='line_1_21' title="bbox 250 2353 1469 2435; baseline -0.002 -17"><span class='ocrx_word' id='word_1_176' title='bbox 250 2356 443 2418; x_wconf 89' lang='lat' dir='ltr'>sententiam</span> <span class='ocrx_word' id='word_1_177' title='bbox 461 2374 518 2415; x_wconf 90' lang='lat' dir='ltr'>eos</span> <span class='ocrx_word' id='word_1_178' title='bbox 536 2356 772 2434; x_wconf 73' lang='lat' dir='ltr'>pronuntiasse.</span> <span class='ocrx_word' id='word_1_179' title='bbox 797 2353 862 2416; x_wconf 88' lang='lat' dir='ltr'>Sed</span> <span class='ocrx_word' id='word_1_180' title='bbox 880 2355 968 2435; x_wconf 91' lang='lat' dir='ltr'>prius</span> <span class='ocrx_word' id='word_1_181' title='bbox 993 2354 1070 2416; x_wconf 94' lang='lat' dir='ltr'>illud</span> <span class='ocrx_word' id='word_1_182' title='bbox 1087 2355 1308 2418; x_wconf 89' lang='lat' dir='ltr'>iusiurandum</span> <span class='ocrx_word' id='word_1_183' title='bbox 1331 2355 1469 2418; x_wconf 92' lang='lat' dir='ltr'>omnium</span> 
     </span>
     <span class='ocr_line' id='line_1_22' title="bbox 249 2442 1477 2524; baseline 0.002 -18"><span class='ocrx_word' id='word_1_184' title='bbox 249 2446 454 2519; x_wconf 88' lang='lat' dir='ltr'>arbitrorum,</span> <span class='ocrx_word' id='word_1_185' title='bbox 485 2442 574 2524; x_wconf 91' lang='lat' dir='ltr'>quod</span> <span class='ocrx_word' id='word_1_186' title='bbox 604 2445 662 2504; x_wconf 91' lang='lat' dir='ltr'>viri</span> <span class='ocrx_word' id='word_1_187' title='bbox 695 2443 783 2505; x_wconf 93' lang='lat' dir='ltr'>docti</span> <span class='ocrx_word' id='word_1_188' title='bbox 816 2446 846 2505; x_wconf 91' lang='lat' dir='ltr'>in</span> <span class='ocrx_word' id='word_1_189' title='bbox 877 2444 965 2505; x_wconf 86' lang='lat' dir='ltr'>initio</span> <span class='ocrx_word' id='word_1_190' title='bbox 991 2446 1148 2524; x_wconf 90' lang='lat' dir='ltr'>cuiusque</span> <span class='ocrx_word' id='word_1_191' title='bbox 1179 2445 1252 2506; x_wconf 91' lang='lat' dir='ltr'>anni</span> <span class='ocrx_word' id='word_1_192' title='bbox 1283 2451 1477 2524; x_wconf 77' lang='lat' dir='ltr'>posuerunt,</span> 
     </span>
     <span class='ocr_line' id='line_1_23' title="bbox 248 2532 1478 2613; baseline -0.002 -17"><span class='ocrx_word' id='word_1_193' title='bbox 248 2532 445 2596; x_wconf 91' lang='lat' dir='ltr'>Aristoteles</span> <span class='ocrx_word' id='word_1_194' title='bbox 461 2533 624 2611; x_wconf 76' lang='lat' dir='ltr'>praeterit,</span> <span class='ocrx_word' id='word_1_195' title='bbox 642 2532 722 2594; x_wconf 91' lang='lat' dir='ltr'>Inde</span> <span class='ocrx_word' id='word_1_196' title='bbox 740 2551 825 2594; x_wconf 89' lang='lat' dir='ltr'>nova</span> <span class='ocrx_word' id='word_1_197' title='bbox 842 2533 990 2613; x_wconf 89' lang='lat' dir='ltr'>quaestio</span> <span class='ocrx_word' id='word_1_198' title='bbox 1005 2533 1114 2606; x_wconf 86' lang='lat' dir='ltr'>oritur,</span> <span class='ocrx_word' id='word_1_199' title='bbox 1136 2552 1211 2595; x_wconf 92' lang='lat' dir='ltr'>num</span> <span class='ocrx_word' id='word_1_200' title='bbox 1228 2532 1270 2594; x_wconf 90' lang='lat' dir='ltr'>illi</span> <span class='ocrx_word' id='word_1_201' title='bbox 1287 2534 1478 2606; x_wconf 75' lang='lat' dir='ltr'>erraverint,</span> 
     </span>
     <span class='ocr_line' id='line_1_24' title="bbox 250 2619 1477 2707; baseline -0.002 -23"><span class='ocrx_word' id='word_1_202' title='bbox 250 2642 323 2684; x_wconf 92' lang='lat' dir='ltr'>cum</span> <span class='ocrx_word' id='word_1_203' title='bbox 348 2622 390 2684; x_wconf 90' lang='lat' dir='ltr'>de</span> <span class='ocrx_word' id='word_1_204' title='bbox 415 2620 579 2681; x_wconf 89' lang='lat' dir='ltr'>communi</span> <span class='ocrx_word' id='word_1_205' title='bbox 611 2621 815 2683; x_wconf 90' lang='lat' dir='ltr'>iureiurando</span> <span class='ocrx_word' id='word_1_206' title='bbox 848 2619 1074 2707; x_wconf 77' lang='lat' dir='ltr'>cogitarent2).</span> <span class='ocrx_word' id='word_1_207' title='bbox 1127 2619 1221 2701; x_wconf 83' lang='lat' dir='ltr'>Quae</span> <span class='ocrx_word' id='word_1_208' title='bbox 1246 2623 1405 2684; x_wconf 90' lang='lat' dir='ltr'>sententia</span> <span class='ocrx_word' id='word_1_209' title='bbox 1429 2622 1477 2682; x_wconf 90' lang='lat' dir='ltr'>ad</span> 
     </span>
     <span class='ocr_line' id='line_1_25' title="bbox 249 2708 1474 2791; baseline -0.002 -19"><span class='ocrx_word' id='word_1_210' title='bbox 249 2720 393 2772; x_wconf 88' lang='lat' dir='ltr'>nostram</span> <span class='ocrx_word' id='word_1_211' title='bbox 417 2709 513 2788; x_wconf 90' lang='lat' dir='ltr'>plane</span> <span class='ocrx_word' id='word_1_212' title='bbox 538 2717 693 2771; x_wconf 89' lang='lat' dir='ltr'>mutatam</span> <span class='ocrx_word' id='word_1_213' title='bbox 726 2709 767 2771; x_wconf 93' lang='lat' dir='ltr'>de</span> <span class='ocrx_word' id='word_1_214' title='bbox 802 2708 929 2770; x_wconf 90' lang='lat' dir='ltr'>arbitris</span> <span class='ocrx_word' id='word_1_215' title='bbox 960 2711 1099 2790; x_wconf 91' lang='lat' dir='ltr'>publicis</span> <span class='ocrx_word' id='word_1_216' title='bbox 1131 2710 1318 2791; x_wconf 87' lang='lat' dir='ltr'>opinionem</span> <span class='ocrx_word' id='word_1_217' title='bbox 1342 2710 1474 2771; x_wconf 89' lang='lat' dir='ltr'>minime</span> 
     </span>
     <span class='ocr_line' id='line_1_26' title="bbox 249 2798 1475 2879; baseline -0.002 -19"><span class='ocrx_word' id='word_1_218' title='bbox 249 2800 409 2879; x_wconf 90' lang='lat' dir='ltr'>quadrare</span> <span class='ocrx_word' id='word_1_219' title='bbox 432 2799 570 2859; x_wconf 89' lang='lat' dir='ltr'>videtur.</span> <span class='ocrx_word' id='word_1_220' title='bbox 597 2798 649 2859; x_wconf 89' lang='lat' dir='ltr'>Ex</span> <span class='ocrx_word' id='word_1_221' title='bbox 673 2799 710 2859; x_wconf 91' lang='lat' dir='ltr'>iis</span> <span class='ocrx_word' id='word_1_222' title='bbox 735 2798 819 2859; x_wconf 92' lang='lat' dir='ltr'>enim</span> <span class='ocrx_word' id='word_1_223' title='bbox 845 2798 980 2876; x_wconf 85' lang='lat' dir='ltr'>civibus,</span> <span class='ocrx_word' id='word_1_224' title='bbox 1014 2800 1066 2879; x_wconf 92' lang='lat' dir='ltr'>qui</span> <span class='ocrx_word' id='word_1_225' title='bbox 1091 2800 1330 2879; x_wconf 85' lang='lat' dir='ltr'>sexagesimum</span> <span class='ocrx_word' id='word_1_226' title='bbox 1355 2799 1475 2859; x_wconf 87' lang='lat' dir='ltr'>aetatis</span> 
     </span>
     <span class='ocr_line' id='line_1_27' title="bbox 248 2886 1472 2966; baseline 0.001 -18"><span class='ocrx_word' id='word_1_227' title='bbox 248 2907 365 2950; x_wconf 91' lang='lat' dir='ltr'>annum</span> <span class='ocrx_word' id='word_1_228' title='bbox 388 2886 540 2966; x_wconf 84' lang='lat' dir='ltr'>agebant,</span> <span class='ocrx_word' id='word_1_229' title='bbox 566 2886 675 2948; x_wconf 88' lang='lat' dir='ltr'>arbitri</span> <span class='ocrx_word' id='word_1_230' title='bbox 699 2894 788 2949; x_wconf 90' lang='lat' dir='ltr'>sorte</span> <span class='ocrx_word' id='word_1_231' title='bbox 812 2887 1015 2953; x_wconf 89' lang='lat' dir='ltr'>creabantur.</span> <span class='ocrx_word' id='word_1_232' title='bbox 1057 2887 1176 2950; x_wconf 84' lang='lat' dir='ltr'>Aetate</span> <span class='ocrx_word' id='word_1_233' title='bbox 1193 2889 1235 2950; x_wconf 92' lang='lat' dir='ltr'>ad</span> <span class='ocrx_word' id='word_1_234' title='bbox 1252 2908 1368 2950; x_wconf 91' lang='lat' dir='ltr'>munus</span> <span class='ocrx_word' id='word_1_235' title='bbox 1391 2887 1472 2949; x_wconf 84' lang='lat' dir='ltr'>arbi·</span> 
     </span>
     <span class='ocr_line' id='line_1_28' title="bbox 248 2974 1479 3056; baseline -0.002 -17"><span class='ocrx_word' id='word_1_236' title='bbox 248 2985 375 3039; x_wconf 90' lang='lat' dir='ltr'>trorum</span> <span class='ocrx_word' id='word_1_237' title='bbox 390 2975 538 3037; x_wconf 92' lang='lat' dir='ltr'>destinati</span> <span class='ocrx_word' id='word_1_238' title='bbox 555 2974 698 3036; x_wconf 90' lang='lat' dir='ltr'>nondum</span> <span class='ocrx_word' id='word_1_239' title='bbox 722 2975 831 3038; x_wconf 91' lang='lat' dir='ltr'>arbitri</span> <span class='ocrx_word' id='word_1_240' title='bbox 855 2983 955 3051; x_wconf 88' lang='lat' dir='ltr'>erant,</span> <span class='ocrx_word' id='word_1_241' title='bbox 981 2976 1041 3040; x_wconf 91' lang='lat' dir='ltr'>sed</span> <span class='ocrx_word' id='word_1_242' title='bbox 1065 2977 1132 3039; x_wconf 88' lang='lat' dir='ltr'>fieri</span> <span class='ocrx_word' id='word_1_243' title='bbox 1160 2985 1322 3056; x_wconf 87' lang='lat' dir='ltr'>poterant,</span> <span class='ocrx_word' id='word_1_244' title='bbox 1346 2977 1373 3038; x_wconf 91' lang='lat' dir='ltr'>si</span> <span class='ocrx_word' id='word_1_245' title='bbox 1400 2995 1479 3038; x_wconf 87' lang='lat' dir='ltr'>sors</span> 
     </span>
     <span class='ocr_line' id='line_1_29' title="bbox 248 3064 1481 3147; baseline -0.001 -20"><span class='ocrx_word' id='word_1_246' title='bbox 248 3067 294 3127; x_wconf 92' lang='lat' dir='ltr'>eis</span> <span class='ocrx_word' id='word_1_247' title='bbox 317 3064 457 3128; x_wconf 82' lang='lat' dir='ltr'>favebat.</span> <span class='ocrx_word' id='word_1_248' title='bbox 496 3064 533 3125; x_wconf 93' lang='lat' dir='ltr'>Id</span> <span class='ocrx_word' id='word_1_249' title='bbox 565 3072 673 3125; x_wconf 91' lang='lat' dir='ltr'>autem</span> <span class='ocrx_word' id='word_1_250' title='bbox 706 3085 771 3126; x_wconf 93' lang='lat' dir='ltr'>non</span> <span class='ocrx_word' id='word_1_251' title='bbox 802 3064 1007 3144; x_wconf 90' lang='lat' dir='ltr'>prohibebat,</span> <span class='ocrx_word' id='word_1_252' title='bbox 1040 3067 1213 3147; x_wconf 91' lang='lat' dir='ltr'>quominus</span> <span class='ocrx_word' id='word_1_253' title='bbox 1245 3085 1360 3128; x_wconf 90' lang='lat' dir='ltr'>omnes</span> <span class='ocrx_word' id='word_1_254' title='bbox 1392 3065 1481 3127; x_wconf 89' lang='lat' dir='ltr'>illius-</span> 
     </span>
     <span class='ocr_line' id='line_1_30' title="bbox 248 3151 1475 3239; baseline -0.002 -23"><span class='ocrx_word' id='word_1_255' title='bbox 248 3155 363 3217; x_wconf 88' lang='lat' dir='ltr'>aetatis</span> <span class='ocrx_word' id='word_1_256' title='bbox 387 3155 474 3214; x_wconf 88' lang='lat' dir='ltr'>cives</span> <span class='ocrx_word' id='word_1_257' title='bbox 490 3151 589 3232; x_wconf 84' lang='lat' dir='ltr'>vulgo</span> <span class='ocrx_word' id='word_1_258' title='bbox 606 3152 715 3215; x_wconf 92' lang='lat' dir='ltr'>arbitri</span> <span class='ocrx_word' id='word_1_259' title='bbox 732 3155 975 3216; x_wconf 89' lang='lat' dir='ltr'>nominarentur</span> <span class='ocrx_word' id='word_1_260' title='bbox 984 3153 1023 3239; x_wconf 66' lang='grc' dir='ltr'>ε’);</span> <span class='ocrx_word' id='word_1_261' title='bbox 1050 3175 1125 3217; x_wconf 89' lang='lat' dir='ltr'>nam</span> <span class='ocrx_word' id='word_1_262' title='bbox 1142 3154 1271 3217; x_wconf 86' lang='lat' dir='ltr'>diflicile</span> <span class='ocrx_word' id='word_1_263' title='bbox 1287 3163 1357 3218; x_wconf 92' lang='lat' dir='ltr'>erat</span> <span class='ocrx_word' id='word_1_264' title='bbox 1380 3155 1475 3228; x_wconf 84' lang='lat' dir='ltr'>scire,</span> 
     </span>
     <span class='ocr_line' id='line_1_31' title="bbox 247 3241 1479 3307; baseline -0.002 -3"><span class='ocrx_word' id='word_1_265' title='bbox 247 3246 336 3306; x_wconf 79' lang='lat' dir='ltr'>cuius</span> <span class='ocrx_word' id='word_1_266' title='bbox 361 3262 404 3305; x_wconf 90' lang='lat' dir='ltr'>ex</span> <span class='ocrx_word' id='word_1_267' title='bbox 439 3241 587 3303; x_wconf 92' lang='lat' dir='ltr'>omnibus</span> <span class='ocrx_word' id='word_1_268' title='bbox 620 3243 789 3305; x_wconf 88' lang='lat' dir='ltr'>destinatis</span> <span class='ocrx_word' id='word_1_269' title='bbox 821 3263 891 3304; x_wconf 90' lang='lat' dir='ltr'>sors</span> <span class='ocrx_word' id='word_1_270' title='bbox 923 3246 1095 3307; x_wconf 87' lang='lat' dir='ltr'>evenisset.</span> <span class='ocrx_word' id='word_1_271' title='bbox 1143 3241 1211 3306; x_wconf 90' lang='lat' dir='ltr'>Sed</span> <span class='ocrx_word' id='word_1_272' title='bbox 1234 3244 1269 3306; x_wconf 89' lang='lat' dir='ltr'>id</span> <span class='ocrx_word' id='word_1_273' title='bbox 1291 3245 1479 3307; x_wconf 82' lang='lat' dir='ltr'>tenendum</span> 
     </span>
     <span class='ocr_line' id='line_1_32' title="bbox 246 3331 1476 3416; baseline -0.003 -22"><span class='ocrx_word' id='word_1_274' title='bbox 246 3341 305 3416; x_wconf 86' lang='lat' dir='ltr'>est,</span> <span class='ocrx_word' id='word_1_275' title='bbox 329 3331 467 3394; x_wconf 87' lang='lat' dir='ltr'>arbitros</span> <span class='ocrx_word' id='word_1_276' title='bbox 483 3339 551 3394; x_wconf 87' lang='lat' dir='ltr'>tum</span> <span class='ocrx_word' id='word_1_277' title='bbox 569 3331 700 3392; x_wconf 92' lang='lat' dir='ltr'>demum</span> <span class='ocrx_word' id='word_1_278' title='bbox 718 3351 833 3394; x_wconf 91' lang='lat' dir='ltr'>munus</span> <span class='ocrx_word' id='word_1_279' title='bbox 850 3332 1016 3414; x_wconf 86' lang='lat' dir='ltr'>ingressos</span> <span class='ocrx_word' id='word_1_280' title='bbox 1034 3351 1118 3408; x_wconf 87' lang='lat' dir='ltr'>esse,</span> <span class='ocrx_word' id='word_1_281' title='bbox 1142 3352 1217 3395; x_wconf 91' lang='lat' dir='ltr'>cum</span> <span class='ocrx_word' id='word_1_282' title='bbox 1234 3341 1324 3396; x_wconf 89' lang='lat' dir='ltr'>sorte</span> <span class='ocrx_word' id='word_1_283' title='bbox 1340 3351 1476 3396; x_wconf 86' lang='lat' dir='ltr'>causam.</span> 
     </span>
     <span class='ocr_line' id='line_1_33' title="bbox 247 3420 1476 3502; baseline 0 -20"><span class='ocrx_word' id='word_1_284' title='bbox 247 3421 485 3484; x_wconf 91' lang='lat' dir='ltr'>diiudicandam</span> <span class='ocrx_word' id='word_1_285' title='bbox 502 3421 714 3500; x_wconf 88' lang='lat' dir='ltr'>susciperent.</span> <span class='ocrx_word' id='word_1_286' title='bbox 739 3420 823 3482; x_wconf 89' lang='lat' dir='ltr'>Tum</span> <span class='ocrx_word' id='word_1_287' title='bbox 841 3422 1044 3484; x_wconf 87' lang='lat' dir='ltr'>iureiurando</span> <span class='ocrx_word' id='word_1_288' title='bbox 1061 3441 1144 3502; x_wconf 92' lang='lat' dir='ltr'>opus</span> <span class='ocrx_word' id='word_1_289' title='bbox 1160 3430 1240 3500; x_wconf 88' lang='lat' dir='ltr'>erat,</span> <span class='ocrx_word' id='word_1_290' title='bbox 1263 3440 1329 3483; x_wconf 94' lang='lat' dir='ltr'>non</span> <span class='ocrx_word' id='word_1_291' title='bbox 1341 3424 1476 3486; x_wconf 87' lang='lat' dir='ltr'>ineunte</span> 
     </span>
     <span class='ocr_line' id='line_1_34' title="bbox 245 3509 1477 3584; baseline -0.002 -12"><span class='ocrx_word' id='word_1_292' title='bbox 245 3529 341 3584; x_wconf 92' lang='lat' dir='ltr'>ann0,</span> <span class='ocrx_word' id='word_1_293' title='bbox 366 3529 439 3572; x_wconf 90' lang='lat' dir='ltr'>cum</span> <span class='ocrx_word' id='word_1_294' title='bbox 463 3509 663 3570; x_wconf 86' lang='lat' dir='ltr'>sortitionum</span> <span class='ocrx_word' id='word_1_295' title='bbox 689 3517 824 3571; x_wconf 90' lang='lat' dir='ltr'>eventus</span> <span class='ocrx_word' id='word_1_296' title='bbox 848 3511 988 3572; x_wconf 91' lang='lat' dir='ltr'>incertus</span> <span class='ocrx_word' id='word_1_297' title='bbox 1012 3520 1109 3573; x_wconf 88' lang='lat' dir='ltr'>esset.</span> <span class='ocrx_word' id='word_1_298' title='bbox 1153 3511 1297 3572; x_wconf 89' lang='lat' dir='ltr'>Diversis</span> <span class='ocrx_word' id='word_1_299' title='bbox 1321 3510 1403 3574; x_wconf 91' lang='lat' dir='ltr'>locis</span> <span class='ocrx_word' id='word_1_300' title='bbox 1426 3529 1477 3572; x_wconf 87' lang='lat' dir='ltr'>ar-</span> 
     </span>
     <span class='ocr_line' id='line_1_35' title="bbox 245 3597 1475 3682; baseline 0 -22"><span class='ocrx_word' id='word_1_301' title='bbox 245 3598 318 3661; x_wconf 90' lang='lat' dir='ltr'>bitri</span> <span class='ocrx_word' id='word_1_302' title='bbox 343 3618 457 3660; x_wconf 89' lang='lat' dir='ltr'>causas</span> <span class='ocrx_word' id='word_1_303' title='bbox 481 3597 692 3682; x_wconf 89' lang='lat' dir='ltr'>instruebant,</span> <span class='ocrx_word' id='word_1_304' title='bbox 716 3599 747 3659; x_wconf 94' lang='lat' dir='ltr'>in</span> <span class='ocrx_word' id='word_1_305' title='bbox 772 3619 836 3661; x_wconf 93' lang='lat' dir='ltr'>uno</span> <span class='ocrx_word' id='word_1_306' title='bbox 861 3600 1047 3682; x_wconf 90' lang='lat' dir='ltr'>eodemque</span> <span class='ocrx_word' id='word_1_307' title='bbox 1071 3599 1180 3680; x_wconf 90' lang='lat' dir='ltr'>lapide</span> <span class='ocrx_word' id='word_1_308' title='bbox 1198 3618 1311 3662; x_wconf 92' lang='lat' dir='ltr'>omnes</span> <span class='ocrx_word' id='word_1_309' title='bbox 1335 3608 1368 3663; x_wconf 92' lang='lat' dir='ltr'>et</span> <span class='ocrx_word' id='word_1_310' title='bbox 1390 3600 1475 3663; x_wconf 89' lang='lat' dir='ltr'>iura-</span> 
     </span>
     <span class='ocr_line' id='line_1_36' title="bbox 246 3687 640 3754; baseline 0.015 -6"><span class='ocrx_word' id='word_1_311' title='bbox 246 3687 325 3749; x_wconf 89' lang='lat' dir='ltr'>bant</span> <span class='ocrx_word' id='word_1_312' title='bbox 348 3695 381 3749; x_wconf 95' lang='lat' dir='ltr'>et</span> <span class='ocrx_word' id='word_1_313' title='bbox 404 3688 453 3749; x_wconf 94' lang='lat' dir='ltr'>ius</span> <span class='ocrx_word' id='word_1_314' title='bbox 477 3687 640 3754; x_wconf 87' lang='lat' dir='ltr'>dicebant.</span> 
     </span>
    </p>
   </div>
   <div class='ocr_carea' id='block_1_5' title="bbox 244 3789 1478 4054">
    <p class='ocr_par' dir='ltr' id='par_1_5' title="bbox 244 3789 1478 4054">
     <span class='ocr_line' id='line_1_37' title="bbox 289 3789 1476 3878; baseline 0.001 -23"><span class='ocrx_word' id='word_1_315' title='bbox 289 3793 415 3855; x_wconf 88' lang='lat' dir='ltr'>Hubert</span> <span class='ocrx_word' id='word_1_316' title='bbox 445 3789 488 3877; x_wconf 91' lang='lat' dir='ltr'>(p.</span> <span class='ocrx_word' id='word_1_317' title='bbox 514 3793 568 3878; x_wconf 78' lang='lat'>32)</span> <span class='ocrx_word' id='word_1_318' title='bbox 591 3794 784 3855; x_wconf 90' lang='lat' dir='ltr'>sententiam</span> <span class='ocrx_word' id='word_1_319' title='bbox 818 3795 1010 3855; x_wconf 88' lang='lat' dir='ltr'>contrariam</span> <span class='ocrx_word' id='word_1_320' title='bbox 1046 3793 1253 3857; x_wconf 89' lang='lat' dir='ltr'>similitudine</span> <span class='ocrx_word' id='word_1_321' title='bbox 1277 3793 1476 3858; x_wconf 82' lang='lat' dir='ltr'>arbitrorum·</span> 
     </span>
     <span class='ocr_line' id='line_1_38' title="bbox 245 3881 1475 3968; baseline -0.001 -24"><span class='ocrx_word' id='word_1_322' title='bbox 245 3903 318 3944; x_wconf 93' lang='lat' dir='ltr'>cum</span> <span class='ocrx_word' id='word_1_323' title='bbox 342 3883 503 3945; x_wconf 89' lang='lat' dir='ltr'>iudicibus</span> <span class='ocrx_word' id='word_1_324' title='bbox 528 3881 735 3967; x_wconf 71' lang='lat' dir='ltr'>heliasticis4)</span> <span class='ocrx_word' id='word_1_325' title='bbox 750 3882 889 3964; x_wconf 89' lang='lat' dir='ltr'>probare</span> <span class='ocrx_word' id='word_1_326' title='bbox 907 3882 1039 3968; x_wconf 77' lang='lat' dir='ltr'>studuit,</span> <span class='ocrx_word' id='word_1_327' title='bbox 1064 3903 1123 3944; x_wconf 93' lang='lat' dir='ltr'>nos</span> <span class='ocrx_word' id='word_1_328' title='bbox 1139 3881 1352 3948; x_wconf 88' lang='lat' dir='ltr'>Aristotelem</span> <span class='ocrx_word' id='word_1_329' title='bbox 1367 3883 1475 3947; x_wconf 85' lang='lat' dir='ltr'>secuti</span> 
     </span>
     <span class='ocr_line' id='line_1_39' title="bbox 244 3971 1478 4054; baseline 0.002 -22"><span class='ocrx_word' id='word_1_330' title='bbox 244 3971 307 4033; x_wconf 88' lang='lat' dir='ltr'>hac</span> <span class='ocrx_word' id='word_1_331' title='bbox 331 3973 362 4034; x_wconf 92' lang='lat' dir='ltr'>in</span> <span class='ocrx_word' id='word_1_332' title='bbox 387 3991 420 4033; x_wconf 87' lang='lat' dir='ltr'>re</span> <span class='ocrx_word' id='word_1_333' title='bbox 444 3971 595 4052; x_wconf 91' lang='lat' dir='ltr'>publicos</span> <span class='ocrx_word' id='word_1_334' title='bbox 612 3971 751 4034; x_wconf 90' lang='lat' dir='ltr'>arbitros</span> <span class='ocrx_word' id='word_1_335' title='bbox 768 3992 841 4032; x_wconf 86' lang='lat' dir='ltr'>cum</span> <span class='ocrx_word' id='word_1_336' title='bbox 858 3973 991 4052; x_wconf 90' lang='lat' dir='ltr'>privatis</span> <span class='ocrx_word' id='word_1_337' title='bbox 1008 3973 1115 4054; x_wconf 88' lang='lat' dir='ltr'>aptius</span> <span class='ocrx_word' id='word_1_338' title='bbox 1133 3971 1374 4051; x_wconf 90' lang='lat' dir='ltr'>comparandos</span> <span class='ocrx_word' id='word_1_339' title='bbox 1397 3991 1478 4034; x_wconf 78' lang='lat' dir='ltr'>esse</span> 
     </span>
    </p>
   </div>
   <div class='ocr_carea' id='block_1_6' title="bbox 242 4140 403 4158">
    <p class='ocr_par' dir='ltr' id='par_1_6' title="bbox 242 4140 403 4158">
     <span class='ocr_line' id='line_1_40' title="bbox 242 4140 403 4158; baseline -0.006 0"><span class='ocrx_word' id='word_1_340' title='bbox 242 4140 403 4158; x_wconf 60' lang='lat' dir='ltr'>*mv——</span> 
     </span>
    </p>
   </div>
   <div class='ocr_carea' id='block_1_7' title="bbox 278 4234 850 4514">
    <p class='ocr_par' dir='ltr' id='par_1_7' title="bbox 281 4234 738 4304">
     <span class='ocr_line' id='line_1_41' title="bbox 281 4234 738 4304; baseline 0.004 -19"><span class='ocrx_word' id='word_1_341' title='bbox 281 4235 303 4303; x_wconf 82' lang='lat'>¹)</span> <span class='ocrx_word' id='word_1_342' title='bbox 323 4237 362 4288; x_wconf 81' lang='lat' dir='ltr'>Cf.</span> <span class='ocrx_word' id='word_1_343' title='bbox 382 4239 415 4289; x_wconf 93' lang='lat' dir='ltr'>D.</span> <span class='ocrx_word' id='word_1_344' title='bbox 435 4246 478 4288; x_wconf 81' lang='lat' dir='ltr'>att.</span> <span class='ocrx_word' id='word_1_345' title='bbox 499 4234 620 4286; x_wconf 81' lang='lat' dir='ltr'>Process²</span> <span class='ocrx_word' id='word_1_346' title='bbox 639 4255 664 4304; x_wconf 84' lang='lat' dir='ltr'>p.</span> <span class='ocrx_word' id='word_1_347' title='bbox 679 4239 738 4288; x_wconf 76' lang='grc'>884.</span> 
     </span>
    </p>

    <p class='ocr_par' dir='ltr' id='par_1_8' title="bbox 281 4306 622 4373">
     <span class='ocr_line' id='line_1_42' title="bbox 281 4306 622 4373; baseline -0.012 -16"><span class='ocrx_word' id='word_1_348' title='bbox 281 4307 305 4370; x_wconf 74' lang='grc'>2)</span> <span class='ocrx_word' id='word_1_349' title='bbox 327 4308 367 4357; x_wconf 82' lang='lat' dir='ltr'>Cs.</span> <span class='ocrx_word' id='word_1_350' title='bbox 386 4309 486 4358; x_wconf 88' lang='lat' dir='ltr'>Hubert</span> <span class='ocrx_word' id='word_1_351' title='bbox 506 4325 531 4373; x_wconf 92' lang='lat' dir='ltr'>p.</span> <span class='ocrx_word' id='word_1_352' title='bbox 552 4306 622 4373; x_wconf 61' lang='lat' dir='ltr'>(illiti.</span> 
     </span>
    </p>

    <p class='ocr_par' dir='ltr' id='par_1_9' title="bbox 279 4376 768 4446">
     <span class='ocr_line' id='line_1_43' title="bbox 279 4376 768 4446; baseline -0.002 -17"><span class='ocrx_word' id='word_1_353' title='bbox 279 4376 300 4444; x_wconf 71' lang='grc'>3)</span> <span class='ocrx_word' id='word_1_354' title='bbox 317 4376 406 4442; x_wconf 67' lang='lat' dir='ltr'>Aptae.</span> <span class='ocrx_word' id='word_1_355' title='bbox 423 4376 476 4429; x_wconf 77' lang='grc' dir='ltr'>Ἀθ.</span> <span class='ocrx_word' id='word_1_356' title='bbox 495 4377 551 4428; x_wconf 76' lang='grc' dir='ltr'><em>πολ.</em></span> <span class='ocrx_word' id='word_1_357' title='bbox 572 4396 625 4444; x_wconf 86' lang='lat' dir='ltr'>cap.</span> <span class='ocrx_word' id='word_1_358' title='bbox 646 4380 687 4432; x_wconf 80' lang='lat'>53.</span> <span class='ocrx_word' id='word_1_359' title='bbox 708 4377 725 4446; x_wconf 68' lang='grc' dir='ltr'><strong>ξ</strong></span> <span class='ocrx_word' id='word_1_360' title='bbox 743 4381 768 4429; x_wconf 82' lang='grc'>4.</span> 
     </span>
    </p>

    <p class='ocr_par' dir='ltr' id='par_1_10' title="bbox 278 4447 850 4514">
     <span class='ocr_line' id='line_1_44' title="bbox 278 4447 850 4514; baseline 0.002 -14"><span class='ocrx_word' id='word_1_361' title='bbox 278 4450 300 4513; x_wconf 73' lang='lat'>⁴)</span> <span class='ocrx_word' id='word_1_362' title='bbox 319 4451 359 4501; x_wconf 80' lang='lat' dir='ltr'>Cf.</span> <span class='ocrx_word' id='word_1_363' title='bbox 379 4452 412 4502; x_wconf 92' lang='lat' dir='ltr'>D.</span> <span class='ocrx_word' id='word_1_364' title='bbox 432 4459 476 4501; x_wconf 86' lang='lat' dir='ltr'>att.</span> <span class='ocrx_word' id='word_1_365' title='bbox 498 4447 583 4499; x_wconf 79' lang='lat' dir='ltr'>Proc²</span> <span class='ocrx_word' id='word_1_366' title='bbox 601 4467 626 4514; x_wconf 92' lang='lat' dir='ltr'>p.</span> <span class='ocrx_word' id='word_1_367' title='bbox 650 4451 707 4508; x_wconf 82' lang='lat'>161,</span> <span class='ocrx_word' id='word_1_368' title='bbox 726 4453 785 4501; x_wconf 86' lang='lat' dir='ltr'>adn.</span> <span class='ocrx_word' id='word_1_369' title='bbox 807 4451 850 4503; x_wconf 76' lang='lat'>29.</span> 
     </span>
    </p>
   </div>
   <div class='ocr_carea' id='block_1_8' title="bbox 0 0 1670 5234">
    <p class='ocr_par' dir='ltr' id='par_1_11' title="bbox 0 0 1670 5234">
     <span class='ocr_line' id='line_1_45' title="bbox 0 0 1670 5234; baseline 0 1"><span class='ocrx_word' id='word_1_370' title='bbox 0 0 1670 5234; x_wconf 95' lang='lat' dir='ltr'> </span> 
     </span>
    </p>
   </div>
  </div>
 </body>
</html>
