3330 5234
752 528 952 589 -9..

231 705 407 786 sexaginta
445 723 547 767 annos
586 700 745 783 postulat,
787 701 878 781 quod
916 700 1022 782 primo
1061 706 1197 781 aspectu
1234 697 1350 761 falsum
1388 719 1461 762 esse

235 794 369 876 coargui
393 799 541 874 poterat3
566 789 684 854 Suidas
707 796 741 852 et
763 788 877 852 Lexici
900 787 1090 869 Segueriani
1107 786 1286 863 adnotatio,
1311 807 1394 869 quae
1418 790 1460 852 ab

235 882 337 946 altera
368 882 514 945 eiusdem
552 879 625 945 libri
655 878 866 942 adnotatione
898 878 1079 958 discrepat,
1095 929 1098 932 .
1117 877 1159 938 ad
1190 884 1332 939 aetatem
1364 897 1463 957 supra

230 973 470 1054 quinquaginta
493 989 599 1032 annos
622 964 832 1053 recedunt¹);
867 965 991 1030 Polluci
1023 965 1106 1029 fides
1138 964 1254 1029 habita
1287 973 1346 1027 est.
1394 966 1461 1030 Sed
1523 981 1525 986 ·

234 1080 347 1124 verum
370 1079 436 1121 non
457 1058 556 1140 longe
571 1057 692 1131 aberat,
717 1064 792 1118 ante
810 1056 913 1136 pedes
928 1054 1066 1131 iacebat,
1091 1074 1200 1136 neque
1221 1054 1304 1117 ullus
1318 1054 1461 1118 animad-

231 1149 340 1212 vertit.
378 1148 468 1211 Idem
492 1147 587 1223 enim,
612 1146 703 1230 quod
727 1164 771 1206 ex
788 1143 973 1208 Aristotelis
996 1143 1080 1208 libro
1104 1163 1208 1224 nuper
1232 1145 1462 1224 comperimus,

232 1238 267 1300 in
291 1239 372 1302 Lex.
391 1236 491 1318 Segu.
517 1257 549 1317 p.
576 1235 650 1311 235,
677 1232 957 1301 20eti11sch01.
981 1233 1023 1296 ad
1046 1231 1126 1296 Plat.
1150 1231 1170 1300 l.
1196 1253 1224 1300 c.
1247 1231 1386 1296 fortasse
1418 1252 1463 1296 ex

235 1327 416 1390 Aristotele
440 1333 607 1407 sumptum
632 1323 824 1398 continetur,
849 1322 876 1385 si
900 1342 959 1385 eos
981 1322 1073 1385 locos
1097 1330 1187 1385 recte
1203 1323 1461 1401 interpretamur.

236 1415 321 1478 Nam
354 1417 402 1485 οἷς
424 1412 600 1498 ἑξηκοστὸν
621 1436 676 1482 τος
698 1412 737 1495 ἦν
760 1411 831 1492 (Ar.
857 1413 906 1481 οἷς
928 1413 967 1474 ἂν
991 1410 1164 1494 ἑξηκοστὸν
1189 1411 1258 1480 ἔτος
1280 1407 1316 1490 ᾗ)
1344 1431 1409 1473 non
1433 1412 1462 1474 ei

227 1513 338 1579 asunt,
364 1505 418 1586 qui
441 1503 552 1584 plures
576 1522 653 1583 qum
686 1501 858 1582 sexaginta
888 1520 1009 1584 annos,
1045 1499 1104 1562 sed
1139 1499 1193 1582 qui
1218 1502 1461 1581 sexagesimum

237 1595 353 1656 aetatis
377 1612 497 1655 annum
520 1598 631 1672 agunt,

277 1682 412 1745 Dudum
451 1681 632 1744 mirandum
667 1677 849 1754 videbatur,
885 1677 976 1761 quod
1004 1679 1136 1741 omnino
1158 1676 1235 1739 nihil
1262 1678 1303 1740 de
1326 1697 1462 1742 numero

228 1770 444 1843 arbitrorum,
480 1768 558 1831 nihil
581 1769 623 1831 de
647 1767 788 1829 muneris
811 1767 969 1848 petitione
993 1787 1055 1829 nec
1079 1765 1268 1846 sortitione,
1306 1764 1385 1830 nihil
1421 1768 1463 1830 de

234 1861 369 1935 ratione,
401 1878 487 1941 quae
511 1857 730 1922 intercesserit
752 1856 835 1919 inter
857 1855 998 1919 arbitros
1022 1863 1056 1918 et
1077 1856 1190 1931 tribus,
1214 1863 1344 1919 veteres
1368 1857 1464 1918 nobis

229 1948 446 2028 tradiderunt,
473 1967 547 2010 cum
564 1948 606 2009 de
623 1944 775 2007 omnibus
798 1941 866 2007 fere
882 1944 950 2007 aliis
966 1945 1233 2026 magistratruum
1250 1944 1302 2009 vel
1319 1945 1463 2008 iudicum

232 2036 379 2119 collegiis
402 2045 490 2100 certe
514 2055 683 2099 numerum
719 2034 898 2098 rettulerint
957 2034 1051 2095 Nunc
1074 2033 1208 2097 tandem
1232 2054 1306 2097 eam
1330 2054 1463 2097 causam

233 2125 458 2207 intellegimus,
506 2123 601 2206 Quae
624 2123 732 2185 adhuc
756 2123 798 2186 de
821 2122 1017 2185 arbitrorum
1041 2132 1150 2186 aetate
1173 2123 1345 2200 sensimus,
1381 2122 1463 2186 falsa

231 2223 267 2277 et
289 2216 447 2278 mutanda
470 2220 553 2281 sunt.
599 2211 799 2274 Aristoteles
835 2212 921 2272 enirn
957 2213 989 2274 in
1021 2231 1092 2294 cap.
1125 2211 1207 2280 LIII.
1254 2210 1274 2296 ᾖ
1309 2212 1331 2274 4
1365 2213 1460 2276 dicit:

232 2303 382 2388 διαιτηταὶ
404 2303 511 2366 ὄέἰσὶν
534 2303 582 2371 οἷς
605 2303 644 2364 ἂν
669 2299 842 2384 ἑξηκοστὸν
865 2300 935 2369 ἔτος
957 2303 980 2380 ῇ
1002 2301 1021 2370 ἰ,
1042 2321 1070 2365 e.
1084 2302 1113 2380 ii,
1138 2300 1192 2383 qui
1217 2303 1463 2381 sexagesimum

227 2395 349 2456 aetatis
373 2411 490 2456 annum
515 2390 660 2471 agebant
683 2393 740 2470 (=
756 2391 787 2453 oi
809 2387 983 2472 ἑξηκοστὸν
1003 2391 1072 2459 ἔτος
1095 2387 1243 2475 ἄγοντες),
1268 2389 1463 2454 arbitrorum

235 2501 368 2544 munere
391 2479 616 2562 fungebantur,
641 2498 702 2541 nec
718 2477 889 2560 quisquam
910 2478 1031 2540 arbiter
1053 2479 1120 2540 fieri
1145 2487 1284 2561 poterat,
1308 2479 1362 2561 qui
1378 2479 1463 2543 hanc

233 2579 376 2633 aetatem
406 2569 550 2632 nondum
583 2576 753 2631 assecutus
789 2576 844 2630 aut
878 2567 941 2628 iam
982 2575 1205 2648 transgressus
1239 2576 1319 2636 erat.
1366 2567 1464 2630 Hunc

232 2658 341 2721 locum
362 2659 433 2724 luce
454 2657 625 2721 clariorem
653 2677 720 2719 non
734 2675 856 2720 omnes
876 2656 934 2718 viri
951 2656 1039 2719 docti
1055 2665 1144 2719 recte
1160 2657 1362 2737 interpretati
1379 2667 1463 2727 sunt,

277 2747 486 2827 Barthelemy
506 2746 596 2811 Saint
612 2782 626 2792 -
642 2743 791 2831 Hilaire2)
813 2745 944 2826 quidem
968 2746 1096 2808 arbitris
1119 2754 1261 2809 aetatem
1289 2747 1465 2828 sexaginta

227 2857 337 2900 annos
367 2845 575 2918 superantem
606 2835 704 2896 fuisse
736 2841 841 2914 putat.
866 2833 906 2903 G,
926 2835 953 2914 J.
981 2832 1161 2898 Schneider
1171 2833 1194 2919 ³)
1224 2843 1292 2897 tam
1323 2835 1463 2898 obscure

232 2926 276 2988 de
307 2926 425 2990 eadem
457 2945 491 2988 re
521 2925 684 3005 disputat,
716 2932 752 2985 ut
774 2923 801 2985 si
824 2923 925 2985 verba
948 2924 1017 2986 eius
1042 2923 1208 3004 sequaris,
1234 2924 1311 3006 quid
1334 2927 1461 2999 sentiat,

231 3015 421 3096 intellegere
456 3033 588 3094 prorsus
624 3032 780 3094 nequeas,
834 3013 931 3074 Errat
962 3013 1060 3075 etiam
1093 3013 1133 3073 R.
1165 3012 1352 3096 Darestei),
1388 3033 1463 3075 cum

232 3103 372 3169 arbitros
394 3103 567 3183 sexaginta
597 3121 700 3163 annos
724 3109 819 3163 natos
843 3103 862 3170 i,
883 3120 912 3166 e.
939 3101 1173 3182 sexagenarios
1197 3100 1295 3164 fuisse
1319 3111 1462 3171 censeat.

232 3192 359 3255 Eadem
390 3192 456 3256 lere
479 3188 689 3275 Thumserii⁵)
718 3190 882 3252 sententia
913 3200 972 3256 est.
1008 3191 1146 3253 Rectam
1169 3209 1247 3252 vero
1272 3193 1462 3271 interpreta-

231 3283 354 3343 tionem
378 3277 459 3344 insra
482 3281 664 3343 accuratius
688 3279 893 3359 probandam
917 3279 1051 3360 Lipsius
1060 3278 1086 3361 6)
1109 3279 1239 3346 invenit.

276 3369 334 3432 Ad
358 3370 657 3432 commendandam
680 3376 823 3431 aetatem
844 3371 1017 3449 sexaginta
1033 3388 1190 3430 annorum
1207 3364 1460 3451 (confectorum)

276 3581 300 3650 1)
320 3583 373 3633 Sed
391 3591 418 3632 ut
436 3583 469 3632 ad
487 3582 611 3646 originem
631 3583 724 3631 erroris
751 3583 895 3643 redeamus,
921 3582 1029 3632 sortasse
1057 3583 1136 3630 verba
1165 3583 1227 3632 Lex.
1248 3581 1325 3647 Segu.
1345 3578 1410 3646 ὑπὲρ
1431 3580 1461 3632 τὰ

230 3652 389 3719 πεντήκοντα
408 3651 450 3719 ἔτη
470 3654 543 3704 aliter
562 3653 712 3718 explicanda
731 3661 796 3704 sunt.
840 3653 867 3702 Si
887 3653 954 3701 enlm
974 3650 1004 3702 τὰ
1021 3650 1181 3718 πεντήκοντα
1200 3651 1242 3717 ἔτη
1263 3669 1320 3702 curn
1341 3654 1461 3718 Ungerio,

232 3727 354 3790 magIstro
374 3725 531 3786 doctissimo,
550 3741 565 3774 a
585 3726 614 3776 L.
633 3740 713 3789 usque
733 3725 767 3773 ud
785 3727 853 3777 LlX.
862 3725 953 3774 aetatis
973 3740 1067 3773 annum
1087 3740 1256 3786 numeramus
1279 3725 1305 3774 id
1324 3727 1393 3789 quod
1413 3742 1460 3776 nos

232 3797 336 3846 dicimus
361 3798 422 3861 „die
448 3795 569 3861 litnlziger
588 3795 691 3859 Jabre“,
716 3797 801 3845 omnia
820 3799 917 3862 optime
937 3803 1091 3859 congruunt.
1120 3797 1160 3844 Ita
1175 3794 1202 3844 ol
1218 3792 1300 3860 ὑπὲρ
1319 3793 1350 3846 τὰ
1367 3795 1459 3862 πεντή-

231 3884 311 3918 κοντα
329 3865 371 3933 ἔτη
392 3868 523 3930 sexaginta
541 3883 623 3918 annos
651 3867 704 3917 nati
727 3876 791 3921 sunt.
828 3869 878 3918 Sed
898 3884 973 3916 unam
998 3867 1058 3917 mihi
1090 3867 1275 3917 dubitationem
1301 3876 1389 3917 movet
1408 3885 1458 3916 am·

233 3939 342 4002 biguitas
373 3937 509 3989 verborum
537 3939 609 3987 lexici
645 3939 720 4002 Segu.
755 3954 786 3987 ne
820 3940 870 3988 hoe
901 3939 1002 4004 quidem
1037 3939 1113 3986 modo
1141 3939 1254 4003 sublata;
1287 3955 1344 3986 uam
1374 3940 1459 3988 verbis

230 4008 257 4060 οἱ
274 4006 357 4072 ὑπὲρ
376 4005 406 4059 τὰ
423 4027 451 4060 π.
470 4007 512 4074 ἔτη
533 4019 558 4058 et
575 4009 620 4058 viri
639 4010 718 4074 longe
738 4010 847 4058 maiores
865 4018 927 4059 natu
954 4010 1088 4074 significari
1117 4019 1233 4074 possunt,
1260 4011 1296 4058 ita
1324 4017 1350 4058 ut
1378 4019 1459 4060 certus

228 4080 320 4130 aetatis
340 4097 419 4131 annus
438 4096 469 4130 ne
488 4081 531 4130 illa
550 4081 651 4145 quidem
670 4081 811 4146 explicandi
829 4080 930 4130 ratione
950 4089 1057 4146 accepta
1076 4097 1089 4129 e
1109 4080 1182 4129 lexici
1200 4082 1259 4130 Ioco
1279 4083 1386 4133 eluceat.

274 4149 299 4213 2)
318 4154 406 4201 Revue
427 4153 502 4201 bleue
526 4153 602 4213 1891,
623 4169 648 4216 p.
669 4151 728 4203 397.
1203 4159 1207 4167 “

274 4219 295 4286 ³)
315 4223 525 4273 Wochenschrilt
543 4225 585 4272 fur
604 4224 636 4274 cl.
655 4223 800 4288 Philologie
820 4225 894 4285 VIII,
913 4241 938 4289 p.
959 4224 1019 4275 587.

274 4294 296 4357 ⁴)
316 4295 429 4344 Seances
455 4302 481 4344 et
505 4304 566 4343 trau.
586 4295 619 4343 de
646 4292 796 4346 l’aeade'mie
823 4296 892 4347 d.s'c.
912 4312 975 4347 mor.
995 4303 1021 4344 et
1039 4296 1092 4359 pol.
1117 4296 1180 4345 1891
1203 4311 1229 4358 p.
1250 4295 1301 4344 348
1320 4293 1365 4359 (II.
1380 4294 1460 4360 Sem.)

276 4363 286 4392 ⁶
336 4367 458 4423 ,5923;
498 4366 584 4417 ‚594

274 4364 297 4501 ⁰3
315 4363 434 4487 gerichtle
462 4382 526 4486 iiber
554 4438 595 4486 die
626 4437 703 4487 Verh.
730 4437 775 4485 des
800 4437 834 4487 K.
858 4437 950 4488 Sfichs.
970 4438 1031 4488 Ges.
1058 4438 1105 4486 der
1125 4438 1280 4487 Wissensch.
1300 4454 1331 4486 zu
1352 4437 1458 4500 Leipzig

232 4507 310 4570 1891,
326 4525 352 4574 p.
363 4509 406 4558 58.
426 4507 464 4559 Cl.
476 4508 550 4556 etiarn
566 4509 670 4571 Taylor,
684 4507 806 4557 ClassIcal
825 4509 927 4558 Review
936 4510 982 4569 VI,
1000 4510 1025 4568 4,
1044 4526 1070 4574 p.
1088 4510 1136 4559 188
1150 4535 1186 4543 -
1200 4509 1290 4557 Busolt
1309 4525 1334 4574 p.
1348 4507 1457 4572 270l71.
