3330 5234
735 471 955 533 „22-

225 649 305 732 moti
328 650 522 712 arbitrorum
547 669 674 722 munus,
711 650 762 712 cui
786 658 894 712 aetate
918 649 1071 712 destinati
1094 659 1196 725 erant,
1229 651 1308 711 inire
1333 648 1464 712 dubita-

225 747 298 799 rent
322 747 354 801 et
379 739 609 800 excusationes
640 737 811 818 fingerent,
836 747 871 802 ut
901 737 1065 800 iudicandi
1096 737 1205 801 officio
1237 738 1459 806 liberarentur,

227 825 338 906 Quare
362 847 437 890 cum
471 828 581 908 inopia
608 827 801 889 arbitrorum
825 828 1000 890 exsisteret
1023 836 1056 890 et
1080 827 1329 907 magistratuum
1352 826 1464 890 officia

226 915 469 996 impedirentur,
494 916 549 978 lex
565 914 618 978 illa
633 916 697 978 lata
714 924 773 994 est,
798 936 862 997 qua
878 936 993 979 omnes
1008 915 1239 979 excusationes
1264 935 1329 978 non
1352 916 1463 978 irritae

227 1004 332 1067 solum
356 1004 489 1081 fiebant,
513 1004 572 1066 sed
595 1005 798 1068 severissime
821 1003 1048 1085 puniebantur,
1088 1003 1187 1085 Quod
1211 1024 1283 1067 raro
1306 1005 1359 1068 vel
1382 1025 1459 1067 nun-

228 1112 325 1174 quam
350 1092 471 1155 factum
496 1113 567 1156 esse
592 1103 847 1156 consentaneum
871 1103 932 1157 est.
981 1091 1037 1155 An
1061 1092 1135 1175 quis
1159 1102 1226 1155 tam
1249 1092 1366 1156 stultus
1389 1091 1459 1173 suit,

227 1181 518 1262 uttalempoenam
527 1182 588 1243 sibi
601 1183 766 1262 irrogaret,
781 1203 854 1245 cum
864 1181 1077 1246 oboediendo
1088 1181 1238 1244 facillime
1250 1202 1324 1244 eam
1337 1182 1465 1244 evitare

227 1270 363 1351 posset?
387 1267 506 1333 Severa
529 1271 581 1333 illa
605 1273 737 1352 quidem
761 1272 816 1335 lex
833 1280 912 1347 erat,
936 1271 995 1333 sed
1014 1291 1076 1333 nec
1091 1271 1230 1334 crudelis
1253 1290 1314 1333 nec
1330 1272 1459 1334 iniusta.

274 1358 462 1439 Quaeritur,
495 1381 559 1441 qua
588 1361 714 1422 ratione
744 1359 797 1422 illa
831 1360 948 1440 capitis
980 1360 1158 1422 deminutio
1188 1369 1258 1422 rata
1287 1359 1373 1422 sacta
1403 1360 1460 1427 sit.

230 1447 306 1512 Siue
323 1449 423 1512 dubio
446 1450 518 1530 ipso
535 1450 602 1511 iure
625 1449 734 1530 valuit,
751 1449 945 1530 simulatque
962 1449 1082 1511 arbiter
1097 1457 1186 1512 sorte
1202 1458 1330 1511 creatus
1347 1467 1463 1511 coram:

228 1537 367 1602 testibus
391 1540 422 1599 in
446 1537 629 1601 recusando
653 1537 839 1620 permansit,

808 1735 831 1818 ς·
856 1732 886 1800 7.

335 1885 398 1959 De
434 1883 649 1986 εἰσαγγελίᾳ
692 1892 734 1960 et
770 1886 820 1960 de
862 1870 1042 1966 adsumo
1070 1886 1332 1962 arbitrorum.

278 2055 354 2116 Non
367 2054 472 2117 solum
487 2074 545 2115 eos
569 2053 719 2138 arbitros,
744 2055 797 2134 qui
815 2074 946 2116 causam
962 2061 1050 2116 sorte
1068 2054 1257 2116 mandatam
1273 2053 1464 2136 disceptare

231 2143 411 2218 noluerunt,
436 2143 551 2223 capitis
565 2144 785 2206 deminutione
809 2144 939 2223 punitos
963 2162 1046 2217 esse,
1071 2142 1131 2204 sed
1155 2143 1294 2206 eandem
1318 2163 1461 2224 poenam

231 2233 385 2295 adversus
398 2231 567 2312 Improbos
587 2232 726 2294 arbitros
746 2234 884 2310 actione,
905 2252 990 2314 quae
1010 2231 1181 2312 εἰσαγγελία
1201 2232 1387 2312 vocabatur,
1402 2234 1460 2294 im·

231 2321 350 2401 petrari
364 2321 511 2402 potuisse
521 2342 623 2402 supra
635 2324 971 2384 commemoravimus.
1005 2319 1100 2401 Quae
1118 2341 1172 2383 res
1184 2319 1303 2382 nullam
1323 2320 1459 2383 haberet

233 2410 465 2490 difficultatem,
475 2411 535 2471 nisi
553 2431 626 2472 cum
639 2412 829 2492 quaestione
840 2411 881 2472 de
894 2411 1044 2478 εὐθύναις
1052 2409 1246 2472 arbitrorum
1259 2410 1461 2472 cohaereret.

233 2499 289 2560 Ab
312 2497 502 2561 Aristotelis
527 2518 599 2579 cap.
623 2499 697 2560 LIII
720 2497 739 2584 ξ
762 2499 784 2561 6
807 2499 1056 2580 argumentandi
1080 2499 1203 2561 initium
1226 2494 1394 2567 faciamus.

268 2585 364 2650 Ἒστι
380 2587 415 2650 δὲ
431 2589 485 2650 καί
509 2589 714 2669 εἰσαγγέλλειν
732 2590 776 2656 εἰς
790 2587 865 2657 τοὺς
890 2587 1084 2670 διαιτητάςῑ),
1110 2588 1165 2650 ἐάν
1178 2611 1224 2656 τις
1239 2587 1381 2671 ἀδικηθῇ
1396 2585 1465 2650 ὑπὸ

232 2681 288 2738 τοῦ
306 2676 472 2758 διαιτητοῦ,
487 2677 548 2738 κᾶν
570 2700 653 2760 τινος
668 2682 877 2757 καταγνῶσιν,
897 2677 1089 2757 ἀτιμοῦσθαι
1112 2677 1294 2739 κελεύουσιν
1311 2678 1341 2738 οἰ
1355 2676 1463 2758 νόμοι.

233 2765 340 2846 ἔφεσις
355 2764 447 2827 δ’ἐστὶ
464 2765 517 2827 καί
533 2767 663 2833 τούτοις.
682 2764 878 2827 Aristoteles
894 2766 990 2844 Igitur
1001 2763 1154 2826 arbitrum
1171 2764 1356 2845 improbum
1373 2765 1467 2846 apud

232 2853 371 2916 arbitros
406 2853 549 2914 accusari
584 2853 729 2928 licuisse,
764 2854 879 2936 capitis
916 2854 1173 2916 deminutionem
1196 2874 1339 2934 poenam
1363 2853 1467 2916 fuisse

234 2941 348 3023 dicit.²)
379 2941 471 3004 Haec
495 2942 595 3006 verba
629 2944 734 3023 primo
769 2945 903 3023 quidem
935 2942 1076 3005 diflicilia
1098 2944 1249 3006 videntur
1279 2943 1339 3006 sed
1363 2963 1466 3024 expe·

234 3030 302 3092 dita
327 3030 414 3109 fient,
439 3031 582 3107 simulac,
622 3052 705 3112 quae
729 3031 841 3111 Bergk
866 3032 907 3094 de
933 3033 1105 3114 εἰσαγγελίᾳ
1130 3041 1164 3093 et
1191 3033 1233 3094 de
1267 3031 1464 3095 arbitrorum

234 3119 374 3200 collegio
391 3121 575 3193 coniecerit,
601 3139 797 3200 exposuero.
823 3120 1091 3200 Harpocrationis
1115 3123 1201 3183 enim
1223 3120 1355 3184 lexicon
1379 3141 1405 3190 s.
1429 3142 1460 3190 v.

233 3209 404 3290 εἰσαγγελία
429 3208 618 3272 Aristotelis
641 3209 742 3272 verba
765 3210 812 3272 sic
837 3210 1014 3290 depravata
1037 3219 1232 3273 servaverat:
1257 3209 1334 3294 ἄλλη
1360 3212 1462 3292 εἰσαγ-

235 3297 319 3378 γελία
343 3298 422 3360 κατὰ
453 3304 518 3360 τῶν
534 3299 718 3383 διαιτητῶν·
743 3301 771 3360 εἰ
792 3299 851 3381 γάρ
874 3324 919 3367 τις
934 3298 999 3361 ὑπὸ
1014 3299 1171 3383 διαιτητοῦ
1189 3291 1366 3383 ἀδικηδείη,
1387 3294 1465 3381 ἐξῆν

233 3392 345 3449 τοῦτον
368 3388 571 3468 εἰσαγγέλλειν
594 3388 677 3468 πρὸς
699 3388 774 3457 τοὺς
797 3386 1001 3456 δικαστὰς
1023 3389 1078 3451 καί
1102 3387 1200 3458 ἁλοὺς
1216 3391 1376 3472 ἠτιμοῢτο.
1400 3389 1463 3450 Pro

234 3475 384 3544 δικαστὰς
403 3473 541 3561 Bergk³)
565 3476 722 3560 διαιτητὰς
744 3477 894 3554 coniecit,
920 3496 1018 3557 quam
1039 3476 1260 3540 coniecturam
1273 3477 1312 3538 R.
1324 3474 1468 3563 gchfflp)

234 3583 411 3644 aggressus
428 3572 488 3639 est,
514 3563 679 3651 Frankeu)
705 3562 891 3648 defenditI).
915 3565 1010 3626 Nunc
1026 3584 1065 3627 ea
1080 3566 1266 3628 coniectura
1282 3565 1462 3628 Aristotele

234 3663 367 3716 auctore
403 3653 667 3735 splendidissime
691 3654 934 3736 comprobatur.
976 3653 1059 3724 Τοὺς
1094 3655 1251 3738 διαιτητάς
1274 3654 1384 3736 Bergk
1419 3655 1464 3716 ad

235 3741 407 3824 collegium
429 3742 622 3804 arbitrorum
635 3743 880 3824 inscriptionum
903 3744 1090 3805 testimonio
1103 3743 1329 3806 confirmatum
1342 3745 1388 3807 ita
1400 3752 1460 3805 ret·

269 3900 293 3968 1)
313 3904 424 3966 Kenyon
451 3919 482 3952 ex
506 3903 588 3966 Harp.
606 3919 656 3970 pro
681 3900 812 3969 διαιτητὰς
836 3898 960 3958 δικαστὰς
978 3903 1044 3952 falso
1072 3903 1206 3968 supplevit,
1225 3904 1283 3969 quia
1301 3920 1359 3956 mss.
1378 3904 1461 3954 lectio

234 3991 309 4023 sensu
325 3974 349 4022 ei
359 3989 448 4024 carere
459 3974 598 4037 videbatur,
619 3976 647 4024 id
665 3975 734 4040 quod
747 3983 773 4024 et
788 3974 986 4039 Harpocrationi
1001 3974 1126 4024 accidisse
1136 3976 1278 4039 putandum
1292 3985 1338 4026 est.
1358 3976 1456 4026 Hardle

232 4043 327 4112 (class.
334 4045 439 4094 RevIew
449 4047 482 4107 V,
494 4047 520 4098 4.
529 4063 555 4110 p.
574 4044 644 4112 164.)
661 4047 896 4112 Harpocrationem
906 4045 1007 4112 (eodem
1028 4061 1078 4110 quo
1089 4045 1191 4094 Hubert
1210 4054 1372 4112 argumento,
1382 4065 1407 4113 p.
1427 4047 1463 4095 54

234 4117 294 4252 σόη).
309 4116 448 4236 ἰηΐίαὲιιεὶε1
464 4117 585 4237 δείεηηίγ,
601 4121 759 4237 λΓζεσγοσειη
778 4118 989 4238 ἰαὸτὲὃτίῑιὲρετηί.

336 4222 352 4238 ..
392 4196 503 4251 usotp.
576 4225 584 4250 ,
626 4191 730 4236 humser
748 4205 774 4252 p.
851 4205 935 4250 ,an
973 4225 979 4238 .

270 4256 595 4312 ³z.f.d.A.W.1849
646 4260 728 4310 .275.

269 4257 292 4392 ⁴3
309 4331 349 4378 De
369 4331 502 4394 synegoris
522 4333 575 4382 An.
596 4277 774 4379 boinmentatio
794 4346 818 4394 p.
842 4331 881 4379 16.

270 4398 291 4465 ὁ)
310 4401 360 4449 Die
381 4409 424 4452 att.
445 4401 745 4465 Geschwornengerichte
764 4417 789 4465 p.
806 4401 837 4450 73
857 4401 872 4450 f.

270 4470 293 4536 θ)
312 4473 351 4522 CI.
366 4473 400 4525 D.
414 4480 457 4522 att.
470 4468 591 4521 Processl
610 4490 634 4536 p.
649 4473 709 4532 334,
728 4473 785 4523 adn.
801 4472 861 4523 382.
