3330 5234
755 529 950 593 ..4-

231 709 330 772 libelli
344 708 390 792 (p.
409 707 462 794 57)
478 709 520 772 ad
541 709 664 771 fructus
680 708 800 772 laboris
818 710 867 770 sui
884 710 1040 789 respexit.
1065 709 1137 771 Nec
1156 710 1327 776 immerito.
1374 710 1467 770 Nam

232 797 385 880 prudenti
408 799 527 860 iudicio
551 798 670 874 omnia,
696 817 779 878 quae
803 806 871 860 tum
897 797 1083 872 exstabant,
1116 798 1147 858 in
1171 819 1269 860 unum
1295 805 1462 879 coegerat,

233 889 324 950 etsie
336 907 406 949 rem
419 885 671 966 contemplatus
693 887 720 950 si
734 887 811 970 quid
823 895 946 950 certum
960 894 992 948 et
1012 885 1139 948 firmum
1154 887 1334 965 videbatur,
1357 889 1465 950 omni-

231 977 294 1039 bus
319 975 573 1038 dubitationibus
597 984 776 1041 exemerat.

278 1082 372 1163 Quae
407 1084 520 1144 merita
555 1083 713 1163 magister
750 1083 819 1145 eius
855 1082 1061 1146 doctissimus
1082 1083 1111 1163 J.
1130 1083 1171 1144 H.
1201 1082 1359 1167 Lipsius1)
1393 1103 1466 1144 non·

234 1172 303 1233 sine
326 1171 421 1234 laude
445 1174 722 1234 commemoravit.
772 1173 835 1235 Hic
859 1170 944 1233 enim
968 1191 1033 1234 non
1057 1171 1158 1234 multo
1181 1180 1258 1254 post
1277 1171 1461 1234 Hubertum

234 1263 265 1323 in
289 1260 474 1340 appendice
490 1262 513 1328 I.
537 1259 608 1322 libri
632 1261 679 1322 sui
703 1258 987 1343 praeclarissimil),
1012 1281 1078 1343 quo
1103 1260 1144 1322 de
1167 1269 1239 1322 toto
1263 1261 1331 1322 iure
1344 1259 1465 1322 Attico

235 1350 334 1411 etde
358 1349 507 1412 omnibus
541 1349 638 1411 rebus
669 1351 759 1430 apud
795 1349 918 1412 iudices
953 1350 1092 1430 agendis
1126 1350 1367 1412 accuratissime
1399 1368 1463 1410 nos-

235 1439 345 1514 docet,
371 1447 404 1500 et
419 1438 460 1500 de
484 1438 612 1500 arbitris
636 1438 774 1518 publicis
790 1438 890 1500 verba
906 1435 990 1501 secit.
1023 1439 1095 1502 Nec
1111 1458 1189 1501 vero
1213 1439 1264 1500 via
1288 1446 1321 1500 et
1336 1439 1462 1500 ratione

235 1548 303 1590 rem
328 1527 512 1607 explicavit,
547 1527 605 1588 sed
628 1529 740 1608 paucis
763 1527 918 1608 gravioris
941 1528 1098 1591 momenti
1123 1527 1369 1610 quaestionibus
1393 1525 1460 1588 dili-

235 1617 363 1698 gentius
387 1617 551 1696 tractatis,
583 1616 742 1679 nonnullis
766 1617 879 1679 leviter
901 1618 1050 1696 astrictis,
1086 1625 1196 1680 cetera
1218 1616 1347 1678 silentio
1372 1635 1468 1677 com--

236 1705 376 1786 probare
399 1705 536 1768 videtur.
582 1705 684 1767 Multa
708 1714 880 1785 praeterea
903 1707 968 1769 suis
992 1706 1073 1768 locis
1098 1726 1197 1786 supra
1224 1723 1460 1768 commemora·

235 1803 338 1860 verat.
384 1791 450 1856 Sed
474 1793 658 1856 continuam
684 1795 725 1856 de
748 1795 873 1856 arbitris
889 1794 1010 1857 Atticis
1035 1795 1218 1858 doctrinam
1242 1795 1275 1856 in
1298 1793 1356 1858 illo
1380 1792 1470 1856 libro

234 1881 353 1945 frustra
377 1884 585 1963 quaesiveris

281 1988 376 2069 Quae
401 1996 509 2050 autern
534 2009 632 2050 causa
655 1997 715 2064 est,
741 1997 887 2051 curtam
911 1989 1001 2052 brevi
1021 1991 1179 2069 temporis
1202 1988 1371 2052 intervallo
1388 1997 1470 2071 post

236 2078 362 2140 illorum
381 2079 588 2159 quaestiones
599 2079 686 2140 idem
703 2078 843 2140 studium
861 2079 938 2140 mihi
954 2076 1209 2160 proposuerim?
1224 2078 1338 2142 Liceat
1350 2077 1471 2158 paucis

237 2167 279 2230 ad
302 2167 386 2228 haec
409 2168 618 2246 respondere.

282 2275 385 2338 Meier
412 2273 487 2335 olim
516 2272 619 2336 doluit
643 2270 686 2360 (p.
709 2274 737 2356 l)
754 2275 843 2356 quod
871 2271 1123 2360 Harpocratioss),
1152 2293 1226 2336 cum
1247 2271 1470 2338 Aristotelem

237 2364 268 2425 in
301 2363 383 2425 libro
420 2363 461 2424 de
495 2362 662 2443 republica
685 2363 937 2427 Atheniensium
973 2364 1015 2425 de
1049 2362 1177 2425 arbitris
1212 2361 1355 2425 locutum
1390 2382 1473 2426 esse·

238 2453 371 2528 diceret,
396 2452 505 2513 locum
528 2454 633 2534 ipsum
658 2473 723 2514 non
746 2452 888 2518 tradidit.

282 2559 371 2620 Ecce
394 2578 479 2619 nunc
503 2558 535 2619 in
550 2558 739 2622 Aristotelis
762 2558 844 2620 libro
869 2579 972 2639 nuper
987 2560 1119 2622 invento
1135 2558 1222 2620 illum
1239 2558 1348 2621 locum
1364 2557 1464 2620 habe-

238 2668 319 2724 muS,
353 2666 548 2708 nuncnova
578 2647 635 2709 lux
665 2647 778 2709 studiis
803 2650 1028 2729 antiquitatum
1060 2647 1188 2724 affulsit,
1220 2667 1305 2709 nune
1328 2646 1380 2708 via
1402 2666 1463 2728 per

237 2738 346 2799 invias
381 2735 489 2797 adhuc
522 2745 555 2797 et
585 2736 760 2818 impeditas
790 2738 941 2816 regiones
973 2745 1153 2802 monstrata
1178 2747 1239 2800 est.
1281 2736 1370 2798 Toto
1396 2735 1471 2798 fere

236 2845 299 2907 cap
309 2825 353 2886 ite
373 2824 456 2890 LIII.
480 2823 562 2887 illius
584 2824 654 2888 libri
677 2825 876 2888 celeberrimi
900 2825 1092 2889 arbitrorum
1118 2844 1250 2888 munera
1273 2825 1463 2887 describun-

237 2924 297 2989 tur,
323 2914 392 2975 aliis
416 2913 494 2975 locis
518 2912 604 2999 (cap.
629 2913 698 2982 LV.
724 2923 756 2976 et
779 2912 905 3000 LVIII.)
929 2913 1020 2980 brevi
1044 2922 1350 2992 commemorantur,
1375 2914 1470 2976 unde·

237 3003 353 3079 multa,
390 3022 474 3082 quae
508 3004 550 3066 ad
574 3011 733 3081 aetatem,
772 3023 961 3080 numerum,
998 3005 1230 3080 iusiurandum,
1262 3011 1462 3083 potestatem.

103 3071 104 3074 Ἴ
181 3115 184 3120 ·
237 3092 430 3154 arbitrorum
455 3091 658 3172 publicorum
676 3092 859 3172 pertinent,
884 3112 969 3156 nova
994 3094 1192 3156 concludere
1215 3093 1302 3162 licet.

281 3198 355 3261 Hoc
390 3199 486 3278 igitur
519 3199 596 3261 mihi
631 3202 807 3280 proposui,
843 3209 878 3262 ut
912 3199 1058 3280 priorum
1095 3200 1272 3262 sententias
1307 3219 1381 3261 curn
1404 3197 1469 3260 illo

236 3297 370 3350 auctore
394 3307 605 3368 comparem,
640 3287 720 3352 falsa
743 3290 925 3370 corrigam,
938 3309 1023 3352 nova
1047 3289 1217 3370 illustrem,
1254 3308 1330 3351 vera
1354 3288 1472 3351 denuo

221 3377 437 3441 confirmem.

281 3482 334 3544 Ac
368 3502 409 3544 ne
443 3483 560 3564 longus
595 3485 674 3562 sim,
706 3484 747 3546 de
780 3485 900 3566 quibus
923 3483 1000 3546 nihil
1024 3484 1100 3545 novi
1125 3484 1238 3547 afferre
1261 3493 1390 3567 poter0,
1422 3502 1469 3546 ca.

237 3574 391 3634 brevibus
415 3572 594 3648 absolvam,
620 3592 703 3655 quae
727 3573 883 3635 mutanda
908 3579 993 3654 sunt,
1018 3572 1205 3653 diligentius
1228 3574 1388 3636 tractabo

281 3677 351 3742 Sed
374 3679 560 3762 priusquam
585 3681 627 3742 ad
654 3700 722 3742 rem
745 3681 879 3762 propius
903 3680 1071 3760 accedam,
1095 3679 1203 3742 facere
1226 3700 1291 3744 non
1314 3698 1470 3760 possum,

237 3770 314 3849 quio
338 3769 380 3830 de
404 3769 482 3841 libri
498 3767 700 3832 Aristotelici
724 3768 789 3831 fide
813 3789 918 3850 pauca
941 3770 1160 3850 praemittam.
1204 3769 1288 3832 Nam
1312 3777 1472 3830 auctores·

236 3858 379 3920 incertos
403 3857 496 3942 sequi
520 3858 700 3938 insipientis
723 3866 785 3922 est.

280 3962 396 4026 Utrum
420 3964 501 4027 liber
523 3962 710 4027 Aristotelis
734 3965 891 4046 genuinus
917 3964 959 4028 sit
981 3983 1094 4040 necne,
1128 3964 1210 4028 inter
1233 3966 1319 4028 viros
1343 3966 1466 4026 doctos

235 4052 412 4116 vehemens
444 4053 639 4134 disceptatio
670 4062 741 4117 orta
771 4062 839 4134 est,
874 4073 940 4116 non
971 4052 1073 4116 multo
1101 4063 1178 4134 post
1208 4054 1345 4135 primam
1376 4049 1469 4113 illanu

237 4197 395 4205 u..-—--.--

280 4246 304 4315 1)
324 4249 378 4298 Der
401 4249 508 4299 attische
527 4250 635 4298 Process
653 4265 702 4298 von
722 4251 756 4299 M.
774 4250 808 4300 H.
825 4251 854 4302 E.
874 4249 954 4299 Meier
979 4265 1004 4302 u.
1025 4249 1056 4300 G.
1075 4250 1118 4303 Fr.
1137 4249 1291 4304 Schomauu.
1310 4249 1369 4298 Neu
1387 4248 1463 4296 bear·

238 4320 319 4369 beitet
336 4335 388 4369 von
408 4321 431 4385 J.
449 4321 475 4368 H
504 4320 605 4384 Lipsius
627 4320 800 4371 1883-1887
820 4337 847 4386 p.
871 4321 947 4375 1015.

281 4388 305 4456 2)
324 4407 350 4456 p.
374 4391 556 4442 rouo-1015.

235 4531 249 4582 λ
281 4459 302 4548 ³)
321 4463 400 4528 Harp.
420 4478 440 4514 s.
460 4481 484 4513 υ.
504 4460 652 4528 διαιτηταί·
670 4459 736 4528 λέγει
756 4458 785 4513 δὲ
808 4461 868 4528 περὶ
888 4461 975 4514 αὐτῶν
991 4461 1173 4530 Ἀριστοτέλης
1192 4461 1219 4514 ἐν
1235 4460 1391 4528 Ἀθηναίων
1414 4478 1472 4511 πο-

251 4551 322 4598 ιτειᾳ.
