3330 5234
744 471 962 534 „18-

237 634 330 724 LIII,
356 644 446 726 quod
470 637 512 708 de
535 643 663 706 arbitris
687 653 748 723 est,
772 642 887 706 sedin
912 661 984 724 cap.
1002 641 1073 711 LV.
1094 641 1161 726 §fn
1185 643 1240 706 ubi
1265 643 1307 706 de
1330 643 1465 709 archon·

236 739 305 796 tum
328 732 531 796 lureiurando
554 730 703 814 loquitur,
739 741 773 795 et
795 732 988 796 arbitrorum
1012 732 1209 795 mentionem
1240 731 1329 797 facit.
1352 730 1466 799 Verba

239 830 349 884 autem
372 823 441 884 eius
464 830 539 885 sunt
562 821 661 884 haec:
1056 828 1058 834 '

282 911 531 993 δοκιμασθέντες
555 911 589 973 δὲ
611 917 723 974 τοῦτον
746 909 801 974 τὸν
832 910 953 991 τρόπον
975 909 1141 993 βαδίζουσι
1172 909 1256 991 πρὸς
1279 911 1335 974 τὸν
1362 912 1464 987 λίθον,

237 998 291 1082 ὑφ’
318 993 348 1080 ᾧ
372 999 409 1063 τὰ
432 999 513 1082 τόμι’
537 994 628 1072 ἐστίν,
652 994 745 1081 ε’φόὗ
768 999 822 1062 καὶ
846 1001 877 1062 οἱ
898 999 1049 1082 διαιτηταὶ
1066 999 1241 1080 ὀμόσαντες
1265 1001 1466 1083 ἀποφαίνον-

238 1111 289 1151 ται
311 1089 366 1158 τὰς
389 1089 507 1158 διαίτας
529 1089 583 1150 καὶ
608 1089 638 1151 οἱ
659 1088 821 1170 μάρτυρες
842 1083 1031 1170 ἒξόμνονται
1053 1087 1109 1157 τὰς
1131 1089 1319 1170 μαρτυρίας.

282 1177 423 1241 Primum
455 1177 626 1260 quaeritur,
662 1184 754 1240 utros
787 1177 926 1240 arbitros
954 1175 1153 1240 Aristoteles
1180 1177 1349 1257 sIgnificet,
1385 1180 1466 1260 pub·

238 1259 321 1328 licos
343 1286 385 1328 an
408 1267 565 1346 privatos.
600 1265 713 1349 Atque
736 1265 763 1327 si
787 1266 964 1329 sententias
986 1265 1128 1327 virorum
1152 1265 1324 1329 doctorum
1347 1287 1464 1348 seque-

236 1374 357 1432 remur,
381 1354 501 1436 publici
537 1355 646 1417 arbitri
677 1354 742 1417 ho'c
775 1355 849 1417 loco
873 1353 967 1416 nobis
991 1354 1189 1417 excludendi
1212 1363 1329 1420 essent.
1377 1357 1462 1418 Nam

238 1439 369 1505 Hubert
402 1441 446 1529 (p.
471 1442 562 1528 32s3)
597 1463 673 1506 cum
704 1441 960 1507 Hudtwalckero
995 1442 1039 1524 (p.
1063 1442 1096 1529 8)
1131 1452 1163 1506 et
1194 1445 1314 1507 Meiero
1338 1441 1381 1529 (p,
1410 1444 1461 1527 12)

238 1531 378 1596 arbitros
401 1532 560 1614 publicos
584 1533 773 1615 priusquam
787 1534 1012 1615 magistratum
1028 1533 1144 1594 irrirent
1166 1527 1197 1618 (i.
1215 1553 1243 1596 e.
1259 1533 1348 1596 initio
1364 1533 1461 1614 anni),

239 1621 444 1687 iureiurando
480 1621 657 1684 obstrictos
692 1641 766 1685 esse
802 1628 925 1683 censet.
960 1620 1161 1684 Aristoteles
1195 1640 1273 1684 vero
1307 1623 1349 1683 de
1383 1622 1461 1684 iure·

239 1707 377 1772 iurando
411 1718 486 1772 ante
521 1713 716 1774 sententiam
751 1710 873 1773 dictam
908 1703 1107 1790 praestando
1141 1711 1292 1792 loquitur.
1338 1711 1464 1772 Tamen

237 1798 327 1861 illurn
350 1799 460 1861 locum
494 1819 568 1862 cum
591 1799 797 1880 publicorum
831 1798 1024 1861 arbitrorum
1059 1799 1264 1862 iureiurando
1289 1799 1465 1864 cohaerere

239 1907 293 1949 me
316 1887 528 1974 probaturum
553 1908 626 1950 esse
649 1907 757 1970 spero.

284 1975 480 2039 Aristoteles
514 1976 596 2039 libro
630 1996 689 2039 suo
725 1975 989 2038 constitutionem
1023 1978 1068 2038 rei
1103 1975 1254 2056 publicae
1285 1976 1467 2040 Athenien·

239 2065 322 2148 sium
348 2066 512 2129 describit.
548 2065 596 2127 Ibi
620 2074 731 2129 autem
752 2065 879 2128 arbitris
895 2065 1028 2144 privatIs
1051 2065 1143 2127 locus
1159 2085 1224 2126 non
1240 2074 1318 2142 erat,
1344 2067 1468 2148 quippe

241 2155 386 2236 quinon
409 2157 655 2235 magistratuum
686 2175 820 2217 munere
844 2153 1069 2234 fungerentur,
1102 2153 1162 2215 sed
1186 2156 1424 2235 compromisso
1449 2175 1469 2218 a

241 2243 375 2324 privatis
399 2241 486 2306 facto
510 2263 528 2304 e
554 2243 677 2307 ciuibus
700 2244 752 2308 vel
775 2245 956 2325 peregrinis
980 2252 1173 2309 crearentur.
1204 2242 1291 2304 Tum
1315 2243 1468 2308 articulus

239 2332 272 2394 in
297 2334 335 2395 οἱ
358 2332 508 2416 διαιτηταὶ
526 2333 724 2395 documento
741 2342 802 2413 est,
827 2352 942 2395 omnes
958 2332 1095 2394 arbitros
1110 2331 1293 2412 significari,
1318 2331 1468 2396 nimitum

240 2421 309 2484 eius
329 2421 458 2501 generis
480 2441 602 2495 eorum,
629 2422 720 2503 quod
743 2431 857 2484 auctor
872 2423 903 2482 in
923 2421 1031 2482 animo
1047 2420 1158 2494 habet,
1182 2421 1251 2484 slve
1263 2419 1468 2504 publicorum

240 2510 308 2571 slve
324 2511 532 2590 privatorum.
549 2511 666 2573 Privati
678 2520 787 2574 autem
800 2511 910 2574 arbitri
930 2509 1134 2572 iureiurando
1151 2509 1310 2590 obstringi
1334 2528 1399 2571 non
1413 2510 1466 2572 de-

238 2597 380 2674 bebant,
417 2601 477 2662 nisi
510 2601 642 2661 nomina
664 2620 776 2661 eorum
800 2599 1000 2679 magistratui
1024 2600 1171 2662 nuntiata
1194 2597 1320 2683 erant1).
1357 2599 1464 2661 Etiam

240 2689 371 2750 maioris
392 2690 550 2752 momenti
562 2698 622 2764 est,
650 2689 739 2769 quod
754 2688 891 2750 arbitros
911 2688 1056 2768 privatos
1076 2688 1144 2750 aliis
1161 2688 1241 2749 locis
1265 2689 1387 2750 iurasse
1410 2697 1466 2750 aut

239 2775 371 2838 arbitria
395 2777 527 2840 dedisse
549 2777 710 2840 nonnullis
733 2777 894 2856 exemplis
918 2776 959 2838 ab
985 2776 1167 2839 oratoribus
1194 2776 1314 2839 Atticis
1336 2774 1464 2839 traditis

239 2864 436 2950 probatur²)‚
451 2865 544 2928 Haec
559 2866 736 2928 abhorrent
751 2887 771 2928 a
782 2866 892 2927 verbis
903 2865 1101 2946 Aristotelis,
1124 2867 1178 2947 qui
1190 2865 1328 2928 arbitros
1348 2884 1390 2926 ex
1409 2863 1463 2927 illo

240 2953 348 3034 lapide
360 2955 563 3016 iureiurando
575 2953 756 3040 praestito⁸)
770 2957 948 3017 sententias
961 2955 1193 3034 pronuntiasse
1205 2954 1312 3022 tradit.
1337 2952 1465 3016 Gravis·

241 3045 357 3105 simum
370 3063 452 3105 vero·
461 3053 685 3123 argumentum
698 3061 742 3105 ex
755 3045 852 3106 Dem.
870 3064 916 3112 or,
934 3043 978 3105 54
991 3042 1078 3127 (adv.
1097 3041 1189 3130 Con.)
1212 3041 1312 3129 5264)
1334 3062 1464 3104 sumen-

242 3131 318 3193 dum
336 3141 395 3196 est.
410 3131 531 3194 Orator
543 3132 584 3194 de
596 3133 725 3196 actione
738 3133 847 3214 apud
863 3133 1068 3195 arbitrum
1082 3132 1258 3214 publicu
1269 3153 1301 3195 m
1314 3132 1465 3212 loquitur;

240 3285 400 3292 ψ..-

288 3361 311 3426 1)
330 3363 369 3414 ct.
389 3365 492 3413 Hubert
510 3380 535 3428 p.
559 3365 597 3412 17.

286 3433 307 3500 ²)
326 3436 358 3483 Is.
379 3451 416 3484 or.
437 3433 517 3502 2'(de
543 3437 612 3485 Men.
636 3436 702 3502 her.)
721 3432 736 3502 ᾗ
757 3435 790 3486 30
819 3433 1003 3502 (iusiurandum
1022 3436 1091 3500 apud
1119 3436 1226 3484 Veneris
1251 3451 1319 3484 aram
1344 3433 1462 3499 Cephalis

241 3506 336 3571 sitam),
354 3507 430 3554 Dein.
451 3522 486 3555 or,
508 3503 757 3572 36(p10Ph0rm.)
781 3505 797 3574 ξ
828 3508 859 3556 16
887 3504 988 3572 (γνώμη
1017 3504 1045 3556 ἐν
1063 3503 1227 3573 ἀκροπόλει),
1255 3505 1353 3570 (Deru.)
1374 3522 1411 3555 or.
1430 3502 1463 3554 59

245 3575 314 3644 (adv.
333 3577 437 3641 Neaer.)
456 3575 473 3644 ᾗ
491 3577 534 3626 46.
553 3575 656 3646 (γνώμη
675 3575 702 3626 ἐν
720 3583 757 3642 τῷ
776 3577 858 3642 ἱερῷ).

288 3662 310 3731 ³)
329 3666 477 3729 Quaeritur,
497 3673 577 3714 utrum
595 3662 672 3730 ε’φόὖ
691 3681 746 3716 cum
765 3663 904 3730 ὀμόσαντες
923 3683 956 3715 an
976 3683 1033 3716 cum
1051 3663 1241 3730 ἀποφαίνονται
1263 3666 1467 3730 coniungendam

244 3736 283 3798 sit.
302 3737 426 3801 Equidem
445 3753 592 3802 persuasum
612 3738 704 3798 habeo,
722 3734 764 3802 ἐφ’
782 3735 815 3787 οὗ
834 3739 867 3786 ad
884 3751 1017 3804 utrumque
1035 3740 1141 3787 verbum
1151 3739 1285 3802 pertinere.
1308 3738 1374 3786 Nam
1389 3739 1409 3788 si
1427 3753 1466 3785 ar·

244 3809 352 3858 chontes
372 3815 398 3856 et
423 3816 501 3858 testes
519 3809 543 3857 in
564 3823 596 3857 eo
621 3811 746 3868 iurabant,
775 3810 850 3858 etiarn
878 3810 997 3870 arbitros,
1025 3810 1068 3876 qui
1096 3809 1146 3858 hoc
1171 3809 1231 3857 loco
1250 3808 1324 3858 simul
1343 3825 1398 3857 curn
1417 3808 1467 3858 illis

243 3880 415 3940 nominantur,
434 3895 485 3928 non
503 3881 585 3930 solum
603 3880 754 3930 sententiam
774 3896 803 3928 ex
822 3897 854 3930 eo
873 3881 1054 3946 pronuntiasse
1073 3881 1116 3931 sed
1137 3879 1212 3929 etiarn
1235 3878 1271 3928 ibi
1289 3880 1386 3930 iurasse
1405 3895 1465 3929 cou-

245 3958 392 4000 sentaneum
420 3959 466 4002 est.
504 3952 561 4000 Hoc
590 3951 655 4000 enirn
683 3951 749 4000 illius
777 3951 867 4016 lapidis
895 3953 1022 4017 proprium
1051 3961 1114 4013 erat,
1142 3960 1170 4000 ut
1197 3951 1221 3999 in
1250 3967 1282 4000 eo
1307 3951 1468 4001 'turaiuranda

244 4029 435 4086 praestarentur
453 4020 692 4088 (‚,Schwurstein“).
723 4023 796 4070 Idem
815 4023 900 4072 Busolt
928 4039 954 4087 p.
975 4025 1023 4075 271
1045 4025 1140 4074 sentire
1160 4023 1268 4072 videtur.
1297 4023 1348 4072 Sed
1372 4021 1468 4088 siquis

244 4092 316 4155 dicit,
343 4093 495 4141 sententiam
514 4109 565 4144 non
585 4109 615 4142 ex
639 4094 683 4142 illo
712 4095 796 4157 lapide
823 4096 870 4143 sed
890 4095 1056 4145 iureiurando
1073 4095 1196 4160 praestito
1219 4095 1275 4160 ipso
1288 4093 1386 4144 arbitrii
1408 4094 1467 4143 loco

244 4163 432 4229 pronuntiatam
452 4180 518 4226 esse,
536 4181 569 4213 ne
588 4165 639 4213 hoc
659 4165 760 4230 quidern
779 4165 852 4213 certis
871 4167 1028 4230 argumentis
1047 4166 1129 4215 refelli
1147 4173 1241 4230 potest.

312 4250 334 4316 ⁴)
353 4253 393 4306 CI.
414 4253 602 4313 Westermann,
620 4255 701 4318 Ausg‚
720 4254 787 4304 Red.
800 4253 825 4306 d.
846 4255 921 4304 Dem.
943 4255 990 4303 III.
1010 4254 1159 4317 Ba'ndchen,
1177 4271 1203 4319 p.
1220 4251 1306 4320 125s6.
1324 4252 1400 4304 λίθον
1419 4273 1467 4322 pro

244 4339 305 4379 mss,
322 4320 415 4389 βωμὸν
434 4339 466 4373 ex
484 4324 565 4388 Harp.
584 4340 609 4388 p.
633 4323 691 4384 120,
710 4325 752 4374 27.
772 4324 885 4373 Dindorf
901 4325 1017 4374 restituit.
1049 4327 1222 4392 Harpocratio
1251 4326 1414 4377 Aristotelem
1443 4341 1469 4378 et

243 4395 651 4528 gissiiffiffraifflioeSgaim'
672 4397 713 4445 De
732 4396 827 4446 eodem
845 4396 929 4461 lapide
948 4397 979 4450 cI.
994 4397 1059 4447 Plut.
1077 4397 1130 4449 Sol.
1151 4399 1192 4448 25.
1205 4406 1231 4448 et
1249 4399 1313 4448 Poll.
1334 4398 1406 4461 VIII,
1425 4399 1469 4452 86.

283 4504 289 4517 .
364 4505 369 4517 .
439 4502 446 4515 .
482 4506 487 4518 .
525 4503 533 4527 ,
604 4505 610 4516 .
