3330 5234
681 483 906 546 ...10·-

192 658 294 719 Meier
318 654 361 741 (p,
391 655 440 741 11)
465 665 497 720 et
521 656 650 720 Hubert
674 655 786 742 (pdl)
810 657 843 718 id
875 659 1060 736 attulerant,
1092 657 1181 738 quod
1211 657 1425 738 sexagesimo

191 747 306 808 aetatis
330 766 414 807 anno
439 745 588 808 confecto
612 746 833 810 Athenienses
866 747 1023 809 militandi
1055 742 1164 808 officio
1196 745 1287 808 liberi
1319 753 1419 809 erant.

134 914 137 918 .
192 833 260 897 Sed
284 835 372 916 quod
397 832 540 920 dicunt1)
564 836 825 900 Demosthenem
849 837 880 897 in
905 836 983 899 Mid.
1006 833 1024 919 ξ
1048 835 1091 898 95
1115 833 1302 898 Stratonem
1337 833 1421 894 arbi-

190 932 272 986 trum
290 924 404 986 officiis
421 923 609 986 militaribus
626 921 831 1004 perfunctum
848 944 921 988 esse
940 925 1058 1002 dicere,
1076 924 1149 1004 plus
1165 931 1305 995 sumunt,
1324 942 1420 1004 quam

191 1013 329 1074 concedi
353 1021 464 1094 potest
475 1011 509 1094 2).

238 1103 322 1162 Nam
357 1101 602 1164 Demosthenes
638 1101 716 1164 nihil
748 1101 834 1164 aliud
868 1102 956 1176 dicit,
994 1104 1054 1164 nisi
1090 1099 1277 1163 Stratonem
1313 1099 1420 1161 omnia

189 1190 351 1269 stipendia
375 1192 542 1268 meruisse,
576 1210 660 1271 quae
684 1211 727 1252 ex
752 1199 860 1253 aetate
884 1211 1008 1253 merere
1033 1191 1145 1252 debuit
1155 1188 1197 1273 ³);
1224 1209 1288 1271 qua
1312 1197 1419 1250 autem

189 1288 298 1341 aetate
322 1278 425 1354 luerit,
450 1299 515 1341 non
540 1289 785 1344 commemorat.
821 1281 927 1341 Immo
952 1300 1026 1342 cum
1050 1280 1176 1360 priores
1192 1277 1421 1339 contenderint

189 1377 221 1429 et
245 1368 479 1449 sexagenarios
504 1377 537 1430 et
562 1369 700 1430 maiores
724 1378 801 1431 natu
825 1378 999 1451 propterea
1016 1368 1153 1430 arbitros
1168 1367 1237 1430 fieri
1261 1365 1419 1447 potuisse,

189 1457 278 1537 quod
303 1456 412 1518 officio
436 1457 593 1519 militandi
610 1459 706 1520 soluti
724 1467 825 1535 erant,
851 1478 936 1519 nunc
953 1457 1127 1519 dicendum
1145 1465 1203 1530 est,
1226 1456 1423 1518 arbitrorum

189 1566 306 1607 munus
323 1547 420 1608 finem
439 1547 602 1628 quendam
619 1543 716 1609 officii
732 1547 878 1609 militaris
894 1547 992 1610 luisse
1010 1544 1420 1631 quadragesimosecundo

189 1636 377 1716 eodemque
401 1635 514 1698 ultimo
539 1635 743 1715 publicorum
768 1635 946 1699 officiorum
963 1656 1048 1697 anno
1058 1633 1095 1718 4).
1120 1633 1317 1696 Aristoteles
1334 1634 1419 1694 enim

189 1726 372 1786 accuratius
398 1724 439 1784 de
463 1744 503 1786 ea
526 1743 559 1786 re
593 1725 738 1806 disputat
772 1745 845 1805 cap.
871 1725 923 1788 53.
949 1725 966 1806 ξ
992 1724 1013 1786 4
1036 1744 1102 1804 sq.:
1137 1730 1232 1786 τοῦτο
1263 1722 1298 1784 δὲ
1322 1723 1420 1804 δῆλον

190 1813 226 1874 ἐκ
242 1817 309 1874 τῶν
326 1813 491 1893 ἀρχθλἿων
508 1815 562 1875 καί
578 1819 644 1876 tcbv
660 1815 860 1897 δπωνῖλμων
875 1816 930 1876 Εἰσί
951 1814 1010 1895 γὰρ
1031 1814 1198 1895 ἐπώνυμοί
1214 1811 1344 1874 δέκα
1307 1835 1366 1892 μεν
1390 1813 1421 1872 Οἱ

192 1907 253 1964 τῶν
277 1903 401 1983 φυλῶν,
428 1902 487 1965 δύο
511 1901 546 1964 di
570 1903 623 1965 καί
646 1905 871 1985 τετταράκοντα
897 1928 926 1966 οι
949 1909 1014 1966 τῶν
1038 1903 1197 1984 ἡλικιῶν·
1218 1925 1247 1963 οι
1239 1901 1419 1982 δ’ἐφηβοι

188 1992 425 2103 ἐγγραψάμενοι
460 1992 617 2072 πρότερον
639 1991 701 2074 μὲν
731 1995 774 2061 εἰς
791 1993 1039 2108 Ηλελευιιωμένα
1059 1996 1257 2073 γραμματεῖα
1290 1989 1418 2069 ἐνεγρά-

187 2103 298 2160 porco,
324 2081 377 2142 καί
402 2081 638 2191 ἐπεγράφοντο
647 2082 754 2150 οὗτοῒς
777 2083 798 2144 ά
817 2082 963 2162 τ’άρχων,
989 2081 1039 2162 εφ
1043 2105 1080 2142 ου
1106 2080 1335 2161 ἐνεγράφησαν,
1365 2079 1418 2139 καί

188 2169 206 2229 ά
242 2169 416 2251 ἐπώνυμος
450 2171 469 2231 ὁ
503 2193 549 2250 τῳ
573 2171 730 2252 πρότερον
763 2172 820 2232 ἐτει
856 2171 1071 2252 ὁεδιαιτιγκώς,
1107 2175 1164 2231 νῦν
1195 2167 1269 2236 ὂέις
1303 2168 1419 2249 οτιγλιγν

185 2258 310 2338 χαλκῆν
334 2259 572 2340 ἅναγράφονται
605 2261 660 2323 καί
693 2261 810 2322 ἵσταται
843 2263 862 2342 ἡ
894 2260 989 2342 στήλη
1021 2257 1087 2339 πρὸ
1110 2263 1167 2320 τοῦ
1190 2256 1418 2339 βουλευτηρίου

186 2345 275 2426 παρὰ
298 2346 371 2414 τοὺς
397 2349 601 2428 ἐπωνύμους.
636 2349 691 2411 τὸν
715 2349 751 2410 δὲ
774 2350 949 2412 τελευταῖον
971 2353 1037 2410 τῶν
1061 2349 1245 2427 ἐπωνύμων
1269 2345 1419 2427 λαβόντες

186 2438 217 2497 οῖ
239 2437 465 2516 τετταράκοντα
490 2437 694 2517 διανέμουσιν
719 2439 826 2506 αὐτοῖς
847 2437 903 2507 τὰς
926 2437 1046 2504 διαίτας
1069 2444 1130 2502 ete.

228 2525 316 2603 Ergo
346 2523 463 2586 Suidas
474 2523 499 2607 ⁵)
528 2545 605 2605 pro:
643 2527 709 2589 ἀπὸ
741 2533 797 2589 τοῦ
821 2528 1026 2610 ληξιαρχικοῦ
1050 2525 1270 2607 γραμματείου
1300 2522 1417 2585 rectius

185 2613 293 2675 dicere
312 2612 441 2675 debuit:
469 2614 613 2677 ἀπὸτοῦ
638 2621 702 2677 τῶν
727 2617 862 2698 ἐφήβων
882 2615 1108 2697 γραμματείου.
1134 2613 1185 2674 De
1203 2612 1418 2695 quadraginta

186 2701 314 2763 duobus
340 2703 523 2782 eponymis,
548 2723 613 2765 non
638 2704 773 2784 singulis
797 2704 946 2766 tribubus
970 2704 1031 2766 sed
1056 2702 1190 2782 singulis
1214 2700 1416 2763 militantium

185 2792 277 2851 annis
311 2787 363 2875 (ab
390 2791 532 2871 ephebia
555 2812 659 2872 usque
683 2794 724 2855 ad
749 2789 962 2877 senectutem)
995 2791 1179 2854 constitutis
1203 2792 1265 2852 iam
1291 2789 1417 2870 Harpo-

185 2881 338 2941 crationis
362 2889 473 2941 notam
498 2901 541 2941 ex
565 2881 746 2944 Aristotele
769 2891 959 2962 excerptam
992 2880 1195 2944 habebamus
1220 2900 1245 2944 s,
1270 2903 1299 2946 v.
1324 2901 1416 2959 στρα-

184 2969 246 3030 τεία
262 2969 296 3030 ἐν
311 2975 375 3039 τοῖς
392 2967 612 3054 ἐπωνύμοιςθ).
632 2969 699 3033 Sed
716 2992 759 3032 ex
775 2971 839 3032 hoc
856 2970 983 3032 militari
997 2969 1147 3049 catalogo
1164 2969 1260 3031 etiam
1278 2967 1416 3030 arbitros

185 3066 336 3138 sumptos
362 3077 435 3119 esse
459 3057 567 3120 adhue
593 3059 794 3140 incognitum
819 3068 898 3127 erat,

229 3146 386 3208 Militandi
410 3147 507 3227 igitur
530 3144 638 3210 officio
656 3169 770 3211 omnes
796 3148 1019 3211 Athenienses
1043 3145 1230 3209 aconfecto
1256 3144 1415 3206 duodevi-

185 3235 307 3296 cesimo
332 3237 448 3298 aetatis
473 3235 587 3319 annol)
622 3258 725 3319 usque
749 3238 792 3299 ad
816 3236 1003 3300 confectum
1026 3236 1270 3316 sexagesimum
1294 3253 1414 3294 annum

184 3324 387 3387 tenebantur.
428 3324 548 3404 Singuli
584 3327 784 3388 militantium
808 3326 948 3407 catalogi
974 3325 1132 3405 deinceps
1157 3345 1175 3385 e
1199 3323 1415 3404 quadraginta

185 3412 312 3474 duobus
336 3415 508 3494 eponymis
538 3415 684 3495 singulos
716 3416 806 3495 quasi
839 3425 994 3497 patronos
1018 3414 1234 3496 accipiebant,
1259 3412 1414 3491 idemque

184 3510 342 3582 patronus
366 3502 405 3563 iis
429 3504 583 3565 manebat
606 3525 709 3584 usque
734 3505 776 3566 ad
812 3525 885 3566 eum
913 3524 1041 3577 annum,
1075 3522 1141 3584 quo
1169 3501 1277 3564 arbitri
1302 3500 1415 3563 exeis

186 3600 273 3652 sorte
298 3591 520 3658 sumebantur,
567 3593 616 3654 Eo
648 3602 781 3673 peracto
814 3593 944 3655 ultimus
969 3612 1151 3673 eponymus
1175 3610 1285 3652 rursus
1308 3589 1414 3669 primo

184 3681 259 3742 loco
291 3683 417 3759 positus
449 3683 570 3744 recenti
603 3682 807 3762 epheborum
839 3683 992 3764 catalogo
1017 3681 1197 3743 indebatur.
1246 3679 1280 3743 Si
1305 3687 1413 3740 autem

185 3768 294 3830 officio
330 3769 455 3832 militari
495 3771 626 3833 demum
665 3770 817 3834 conlecto
854 3772 942 3833 cives
978 3791 1097 3833 annum
1136 3769 1276 3831 arbitros
1315 3766 1413 3829 fuisse

232 3981 242 4016 1
320 3984 324 3993 ·
434 3984 461 4018 0·

226 3984 255 4135 Ji
267 3983 679 4162 ‘iiiiii‘rifelic'ciriribiiboii'ogii
702 4056 819 4105 reficite
840 4057 902 4105 uber
922 4057 963 4105 <ne
977 4056 1056 4104 vern.
1077 4057 1122 4103 aer
1135 4055 1168 4104 K.
1183 4053 1208 4104 s
1221 4055 1281 4104 οτι.
1295 4055 1319 4102 (ι,
1335 4053 1402 4102 urz

187 4126 390 4259 [θιλβλὲὴίβωλί
407 4142 434 4246 ἐ..
446 4127 645 4260 ἐλίίρβιίέιυμένος
663 4194 747 4252 πάσας
766 4193 809 4252 τὰς
828 4194 871 4261 ἐφ’
891 4194 993 4261 ἡλικίας
1012 4194 1154 4260 στρατείας.

233 4266 612 4332 ⁴leCf.Keny0n,ed.11,p
637 4269 693 4319 131

234 4336 328 4424 ⁵ls.
313 4356 336 4387 υ.
357 4336 495 4403 διαιτητάς.

229 4411 292 4473 ⁰)tt
295 4410 411 4475 f..Harp
432 4426 451 4460 s.
471 4427 495 4459 υ.
514 4406 657 4472 επώνυμοι,
696 4411 805 4474 Etymol.
825 4395 911 4475 Magn
933 4426 953 4462 S.
973 4429 997 4460 υ.
1017 4408 1161 4474 ἐπώνυμοι.

228 4479 250 4544 ⁷)
271 4480 310 4530 Cf.
332 4482 409 4530 Arist.
426 4478 478 4530 ’Ad
497 4478 554 4529 πολ.
575 4497 631 4545 cap.
651 4483 695 4542 42,
715 4479 773 4547 §L
