3330 5234
664 475 978 548 ,-42-

248 661 378 734 tegrum
410 653 558 716 restituta
589 662 622 715 et
650 652 692 714 ab
717 653 833 716 eodem
866 654 987 716 arbitro
1011 656 1166 718 instructa
1191 667 1250 738 est,
1276 659 1329 741 qui
1352 659 1408 742 τὴν
1431 660 1483 744 μῆ

249 741 350 806 οὖσαν
374 752 559 822 acceperat.

294 831 389 912 Quae
405 833 537 912 quidem
555 834 742 894 coniectura
758 831 936 912 simplicior
951 841 1012 908 est,
1037 853 1134 916 quam
1151 833 1290 899 Huberti
1315 837 1355 898 de
1371 836 1478 900 altero

245 919 354 983 libello
368 921 571 982 accusatorio
584 921 745 1002 tertioque
769 919 891 983 arbitro
916 923 1077 985 sententia
1100 918 1145 1008 (p.
1162 923 1228 1006 49).
1253 925 1371 1007 Neque
1394 925 1479 987 isaei

248 1029 294 1072 or.
316 1010 354 1070 12
379 1008 398 1093 ξ
427 1010 461 1070 11
496 1017 626 1071 nostrae
658 1010 840 1070 sententiae
873 1010 1004 1072 obstare
1030 1030 1157 1074 censeo.
1200 1013 1293 1093 Quae
1317 1015 1345 1074 si
1370 1015 1478 1077 minus

247 1098 407 1179 placeant,
434 1118 499 1160 non
523 1118 671 1160 recusem
696 1099 890 1173 concedere,
916 1100 942 1162 si
967 1101 1038 1180 quis
1062 1099 1181 1163 absens
1206 1103 1248 1165 ab
1265 1102 1387 1166 arbitro
1403 1123 1480 1164 con-

248 1189 421 1251 demnatus
459 1196 566 1267 esset,
606 1188 703 1249 etiam
740 1194 809 1248 tum
849 1189 973 1268 ἐχίνους
1008 1188 1199 1270 obsignatos
1224 1210 1307 1271 esse,
1342 1193 1369 1253 si
1392 1191 1478 1256 forte

246 1277 293 1360 μῆ
319 1280 417 1360 οὔσης
440 1277 568 1338 actione
585 1277 731 1339 instituta
748 1275 811 1337 litis
828 1276 1023 1341 documenta
1046 1279 1315 1344 desiderarentur.
1331 1278 1474 1362 Ἔφεσις

246 1374 356 1428 autem
380 1366 541 1430 sententia
564 1365 773 1446 pronuntiata
796 1364 881 1427 illico
894 1365 1006 1441 fiebat;
1031 1387 1116 1448 quae
1131 1369 1157 1428 si
1181 1377 1300 1448 postea
1323 1369 1394 1431 iieri
1418 1390 1476 1452 po-

245 1455 370 1530 tuisset,
404 1463 492 1517 certe
517 1456 614 1535 ἐχῖνοι
640 1453 804 1534 obsignari
836 1454 1014 1530 debebant,
1049 1465 1084 1517 ut
1114 1455 1177 1519 litis
1209 1457 1421 1521 instrumenta
1445 1461 1477 1521 in

246 1564 361 1606 omnes
376 1552 512 1610 eventus
529 1545 654 1624 integra
671 1551 950 1607 conservarentur.
967 1544 1177 1608 Documento
1199 1556 1274 1609 sunt
1289 1567 1355 1610 non
1371 1549 1478 1610 solum

245 1633 433 1696 Aristotelis
456 1632 557 1694 verba
580 1653 678 1712 supra
701 1633 808 1706 citata,
835 1633 895 1695 sed
921 1633 1018 1694 etiam
1043 1654 1127 1715 quae
1154 1635 1186 1695 in
1210 1635 1335 1720 (Dem.)
1361 1657 1406 1700 or.
1431 1635 1478 1699 4Ο

245 1720 330 1806 (adv.
362 1719 469 1806 Boot.)
507 1719 526 1805 ἓ
552 1721 591 1784 31
626 1721 774 1800 legimus.
816 1718 893 1784 Ἔτι
927 1721 963 1784 δὲ
997 1725 1112 1792 πάντες
1147 1725 1223 1806 ὑμῖν
1258 1725 1289 1788 αἱ
1323 1725 1408 1808 πρὸς
1430 1728 1480 1806 τῷ

245 1813 384 1894 διαιτητῇ
417 1809 573 1891 παρόντες
596 1812 890 1893 μεμαρτυρήκασιν,
926 1812 974 1880 ὡς
998 1809 1092 1882 οὗτος
1115 1813 1271 1893 παρών,
1296 1815 1361 1877 ὅτε
1385 1817 1478 1878 ἀπε-

246 1901 419 1985 διῄτησέ
456 1924 538 1982 μου
574 1899 847 1982 ὁδιαιτῆτῆς,
884 1902 955 1962 οὔτε
985 1901 1103 1984 ε’φῆκεν
1127 1903 1170 1970 εἷς
1191 1901 1227 1966 τὸ
1260 1901 1477 1986 δικαστήριον,

244 1991 385 2072 ἐνέμεινέ
408 2013 440 2051 τε
462 1993 501 2068 τῇ
524 1989 635 2068 διαίτῃ.
661 1989 752 2050 Haec
768 1988 876 2049 omnia
892 1987 963 2050 luce
981 1989 1213 2052 clariorasunt.
1239 1991 1293 2052 Ex
1309 2010 1359 2071 eo,
1386 1993 1479 2074 quod

242 2078 369 2142 Bootus
385 2097 541 2158 praesens
558 2074 704 2158 repulsus
728 2096 793 2138 non
810 2076 895 2140 illico
913 2079 1112 2157 provocavit,
1139 2081 1245 2141 donec
1271 2088 1374 2142 testes
1397 2081 1479 2144 ade·

242 2177 325 2248 rant,
351 2175 461 2229 orator
484 2187 557 2228 eum
583 2169 715 2228 omnino
742 2185 808 2227 non
831 2186 1031 2245 provocasse
1055 2176 1309 2248 argumentatur.
1349 2171 1476 2234 Biiotus

242 2266 351 2320 autem
376 2257 438 2318 hac
463 2259 494 2318 in
518 2257 572 2320 lite
597 2275 661 2317 non
686 2275 761 2318 reus
777 2253 835 2317 fuit
851 2256 910 2318 sed
926 2265 1099 2319 accusator
1109 2254 1141 2341 1).
1167 2257 1351 2320 Concidunt
1367 2259 1479 2339 igitur,

242 2367 326 2429 quae
350 2345 479 2408 Hubert
502 2342 545 2430 (p.
569 2343 623 2430 47)
647 2365 691 2408 ex
715 2345 859 2407 eiusdem
884 2343 1038 2407 orationis
1063 2346 1080 2429 ξ
1105 2346 1147 2408 55
1172 2346 1213 2408 de
1237 2347 1477 2426 provocatione

241 2436 425 2500 accusantis
442 2434 611 2502 conclusit.
631 2435 680 2498 lbi
697 2436 783 2496 enim
799 2434 883 2496 haec
898 2433 1065 2514 leguntur:
1085 2436 1187 2498 καίτοι
1204 2436 1264 2500 οὐκ
1281 2438 1350 2505 ἴσος
1366 2436 1475 2519 γ’ῆμῒν

242 2527 325 2589 ἐστιν
349 2526 367 2587 ὁ
390 2523 548 2600 κίνδυνος,
573 2519 717 2608 ἀλλ’ἑμσὶ
740 2524 812 2606 μέν,
838 2523 893 2586 ε’ὰν
920 2524 1011 2606 ὑμεῖς
1033 2525 1101 2586 νυνί
1117 2524 1182 2586 ὑπὸ
1212 2526 1334 2588 τούτων
1350 2525 1472 2601 ἐξαπα-

241 2617 366 2698 τηθῆτε,
393 2614 453 2676 οὐκ
487 2614 608 2690 ἐξέσται
642 2613 684 2677 ἔτι
707 2613 902 2675 δικάσασθαι
924 2613 997 2693 περὶ
1019 2620 1073 2695 τῆς
1096 2613 1233 2694 προικός
1249 2633 1256 2646 ·
1272 2616 1404 2682 τούτους
1428 2615 1468 2687 δ’,

243 2707 274 2767 εἴ
293 2726 391 2780 φασιν
415 2702 537 2772 ἀδίκως
561 2703 783 2784 ἀποδιαιτῆσαί
805 2725 871 2783 μου
895 2701 949 2763 τὸν
973 2701 1130 2785 διαιτῆτῆν
1153 2701 1208 2771 τὰς
1231 2701 1367 2786 δίκαςῧ),
1403 2703 1473 2766 καί

241 2790 317 2856 τότ’
337 2794 431 2873 ε’ξῆν
451 2792 509 2862 εἰς
535 2793 641 2875 ὑμᾶς
663 2787 844 2873 ἐφεῖναι,
868 2791 937 2853 καὶ
960 2791 1469 2874 νῦνὲκγενῆσεταιττάλιν,

244 2881 299 2944 ἐὰν
318 2881 507 2962 βούλωνται,
531 2881 607 2962 παρ’
633 2882 715 2963 ἐμοῦ
732 2881 837 2961 λαβεῖν
862 2883 895 2941 ἓν
919 2881 995 2962 ὑμῖν
1017 2878 1053 2943 τὸ
1077 2879 1210 2944 δίκαιον.
1235 2881 1328 2944 Haec
1351 2879 1478 2966 (Dein.)

242 2971 344 3033 verba
366 2971 481 3032 mirum
506 2973 538 3033 in
562 2971 696 3032 modum
709 2969 750 3030 ab
768 2969 824 3042 eiS,
849 2987 933 3050 quae
956 2988 1054 3049 supra
1069 2968 1259 3042 rettulimus,
1278 2970 1474 3052 discrepant.

245 3059 328 3140 Quis
345 3061 430 3122 enim
447 3060 556 3122 dicere
580 3067 692 3140 potest
716 3059 864 3140 ἐμμένειν
887 3061 925 3138 τῇ
949 3058 1048 3138 διαίτῃ
1067 3057 1108 3118 de
1125 3078 1176 3136 eo,
1202 3059 1253 3120 cui
1269 3067 1387 3138 postea
1401 3079 1480 3139 pro·

243 3167 363 3211 vocare
386 3150 418 3211 in
442 3152 551 3212 animo
576 3146 651 3210 est?
692 3147 862 3211 Contraria
885 3147 969 3208 haec
993 3147 1126 3227 quidem
1151 3167 1258 3228 neque
1282 3147 1347 3210 ullo
1372 3148 1481 3210 modo

244 3238 483 3316 coniungenda.
523 3239 636 3319 Itaque
660 3236 789 3300 Hubert
819 3236 948 3310 erravit,
981 3237 1072 3317 quod
1104 3236 1168 3298 hac
1191 3237 1353 3298 sententia
1376 3237 1480 3314 nisus,

244 3327 296 3389 illa
320 3326 472 3407 neglecta
495 3327 675 3400 contendit,
708 3326 874 3388 accusanti
899 3327 986 3388 diem
1011 3345 1076 3387 non
1102 3324 1224 3388 dictam
1248 3324 1357 3402 fuisse,
1390 3333 1481 3387 ante·

245 3437 342 3500 quam
366 3425 572 3495 provocaret.
598 3414 664 3478 Sed
689 3415 781 3477 aliter
796 3417 915 3476 rectius
930 3414 1018 3475 hune
1034 3413 1141 3476 locum
1158 3413 1479 3500 interpretabimur³),

290 3505 346 3566 Ad
370 3507 568 3589 ἐκγενήσεται
592 3525 657 3566 non
681 3505 802 3586 ἐφιέναι
827 3503 884 3564 sed
909 3504 1015 3584 λαβεῖν
1030 3503 1065 3565 τὸ
1083 3503 1206 3566 δίκαιον
1223 3504 1481 3567 construendum

245 3603 304 3670 est,
330 3595 485 3674 idemque
510 3595 552 3656 ad
576 3595 755 3676 βούλωνται
779 3592 1006 3674 supplendum.
1054 3593 1129 3654 Non
1163 3593 1206 3656 de
1241 3592 1480 3673 provocatione

246 3683 305 3745 sed
330 3685 371 3745 de
403 3683 464 3745 alia
496 3684 624 3746 actione
647 3703 666 3744 a
689 3682 795 3744 Booto
820 3679 969 3762 intenta4)
994 3681 1194 3743 Mantitheus
1218 3681 1377 3763 loquitur;
1414 3701 1481 3762 qua

245 3773 271 3834 si
295 3772 485 3851 vinceretur,
521 3775 618 3834 etiam
642 3773 670 3834 si
693 3791 778 3832 nunc
801 3771 949 3851 superior
981 3771 1197 3850 discessisset,
1234 3770 1388 3832 damnum
1412 3790 1481 3833 non

246 3863 352 3924 minus
377 3861 438 3925 sibi
462 3863 629 3925 imminere
639 3859 670 3946 ⁵).

281 3948 423 4032 Ἔφεσις
445 3952 543 4032 igitur
567 3958 599 4011 et
623 3949 806 4012 accusantis
831 3957 863 4010 et
886 3950 931 4011 rei
956 3948 1040 4009 illico
1056 3947 1166 4031 fiebat,
1192 3955 1224 4008 et
1240 3955 1308 4009 tum
1335 3948 1480 4028 demum,

246 4041 271 4101 si
297 4041 421 4101 intenta
445 4048 522 4115 erat,
548 4042 645 4120 ἐχῖνοι
669 4038 938 4118 obsignabantur.

286 4200 294 4228 ¹
326 4201 365 4251 cf.
385 4199 484 4266 (Dem.)
504 4216 541 4252 or.
559 4199 594 4249 40
613 4196 629 4266 ξ
649 4199 691 4248 30.

284 4269 295 4306 2
325 4269 369 4327 τὰς
388 4270 464 4326 δίκας
483 4279 629 4336 corruptum
649 4286 705 4319 esse
724 4270 831 4323 videtur.

284 4341 294 4371 ³
324 4344 356 4391 Et
375 4342 559 4392 Hudtwalcker
577 4359 663 4405 param
684 4351 754 4390 recte
773 4343 805 4390 de
825 4341 917 4390 eodem
936 4341 997 4389 loco
1018 4338 1133 4404 disputat
1153 4337 1188 4404 (p.
1210 4338 1270 4400 120,
1289 4339 1347 4388 adn.
1368 4335 1422 4403 62).
