3330 5234
683 464 930 548 428-

200 665 286 729 αὗσα
295 664 378 749 δίκη,
391 665 454 727 iarn
462 664 622 728 Demetrii
633 660 781 726 Phalerei
793 665 996 743 temporibus
1005 663 1197 727 arbitrorum
1207 665 1434 728 auctoritatem

208 753 398 818 defloruisse
412 761 446 815 et
456 755 590 817 decreta
603 772 647 814 ex
663 752 802 816 Anticlis
818 761 852 816 et
866 752 1039 834 Phrynichi
1052 753 1243 816 archontum
1259 753 1350 816 annis
1366 774 1435 819 ser-

200 852 281 905 vata
303 863 377 905 cum
401 842 464 904 hac
486 861 522 904 re
547 841 725 905 coniunxit.
761 841 811 904 Ea
827 841 869 904 de
892 861 990 904 causa
1008 841 1080 904 illos
1095 841 1276 906 honoratos
1293 861 1377 928 esse,
1400 851 1437 905 ut

205 931 400 996 arbitrorum
423 931 598 994 auctoritas
622 932 731 994 denuo
756 929 985 995 effloresceret.
1021 930 1090 993 Sed
1120 951 1182 992 nec
1205 952 1290 1016 quae
1313 931 1366 994 ille
1389 931 1437 994 vir

207 1021 324 1083 doctus
348 1039 367 1083 e
390 1019 455 1081 lex.
473 1017 565 1082 Cant.
582 1019 643 1082 sibi
659 1018 763 1104 finxit,
787 1039 849 1081 nec
866 1039 949 1102 quae
966 1019 1008 1082 de
1026 1020 1225 1082 ornamentis
1241 1019 1434 1084 arbitrorum

199 1109 347 1190 collegio
378 1108 519 1172 decretis
549 1109 697 1184 coniecit,
728 1109 805 1170 satis
836 1109 953 1172 iustam
976 1128 1107 1171 causam
1131 1107 1254 1172 habere
1277 1110 1435 1172 videntur.

205 1197 290 1260 Nam
327 1206 360 1261 et
394 1198 456 1259 alia
489 1196 629 1278 collegia
651 1195 753 1280 (velut
775 1197 910 1280 βουλήν)
946 1205 980 1259 et
1002 1197 1147 1278 singulos
1170 1199 1378 1279 magistratus
1402 1206 1435 1260 et

199 1288 397 1350 sacerdotes
411 1287 551 1349 muneris
566 1306 652 1348 anno
665 1295 801 1368 peracto
818 1286 948 1349 laudare
965 1294 999 1346 et
1014 1286 1143 1349 coronis
1163 1305 1279 1349 ornare
1294 1285 1436 1351 Athenis

209 1375 417 1439 consuetudo
446 1383 525 1459 erat,
549 1394 612 1437 nec
636 1374 813 1456 quidquam
836 1375 913 1438 inde
936 1374 1090 1456 colligere
1113 1375 1199 1439 licet.

253 1464 460 1527 Arbitrorum
489 1463 587 1546 igitur
617 1463 789 1544 collegium
820 1471 910 1526 certe
935 1465 1067 1526 exstitit.
1116 1463 1186 1528 Sed
1211 1464 1380 1548 quomodo
1403 1463 1437 1528 id

201 1555 344 1618 divisum
369 1562 403 1615 et
425 1553 604 1616 institutum
636 1550 734 1615 fuisse
765 1551 938 1636 putemus?
967 1553 1063 1616 Falsa
1093 1553 1289 1634 redarguere
1313 1551 1436 1617 facilius

201 1645 277 1720 erit,
314 1662 411 1723 quam
435 1640 570 1705 meliora
594 1661 792 1723 proponere.
843 1641 954 1723 Bergk
988 1661 1063 1704 cum
1095 1641 1233 1706 arbitros
1256 1643 1437 1706 secundum

203 1732 311 1796 tribus
332 1739 420 1794 sorte
437 1738 565 1793 creatos
579 1749 653 1793 esse
671 1738 833 1806 censeret,
857 1730 1048 1794 arbitrorum
1074 1730 1249 1812 collegium
1273 1733 1305 1793 in
1321 1731 1438 1794 decem
1525 1783 1526 1788 ,

209 1820 384 1904 prytaniaS,
407 1839 490 1902 quae
506 1838 550 1881 ex
565 1818 693 1882 arbitris
709 1820 907 1902 singularum
923 1819 1063 1882 tribuum
1080 1828 1275 1897 constarent,
1301 1820 1437 1883 divisum

202 1909 318 1973 voluit.
367 1907 462 1989 Quae
493 1909 602 1971 omnia
632 1903 761 1972 Hubert
793 1908 879 1970 bene
910 1907 1025 1971 relellit
1049 1917 1082 1971 et
1104 1908 1244 1971 arbitros
1268 1927 1286 1970 e
1310 1909 1436 1973 cunctis

204 1997 341 2073 civibus
367 2016 433 2059 non
456 2016 476 2060 e
499 1995 656 2072 tribubus,
680 2006 767 2059 sorte
791 2005 920 2060 creatos
944 2017 1019 2061 esse
1043 1998 1223 2072 contendit,
1259 2007 1438 2081 postquam

209 2085 397 2150 Schdmann
429 2093 550 2148 rectam
585 2086 884 2168 interpretationem
919 2083 1041 2170 (Dem,)
1064 2106 1111 2154 or.
1128 2086 1170 2148 47
1195 2083 1214 2170 ξ
1235 2085 1273 2148 12
1308 2087 1437 2153 invenit.

204 2175 280 2240 TSed
320 2179 404 2256 quae
443 2173 571 2238 Hubert
609 2175 654 2256 (p.
691 2173 745 2261 30)
785 2174 826 2236 de
864 2175 1039 2257 partitione
1078 2174 1206 2258 collegii
1244 2175 1438 2240 arbitrorum

210 2285 295 2327 nova
318 2265 501 2326 construxit
523 2272 557 2326 et
580 2263 710 2344 Lipsius
720 2263 743 2350 ¹)
767 2264 920 2344 laudavit,
946 2283 1008 2325 nec
1024 2264 1210 2328 necessaria
1225 2284 1287 2326 nec
1304 2264 1439 2327 meliora

209 2362 292 2416 sunt.
318 2353 415 2417 Nam.
440 2373 459 2414 e
483 2353 535 2414 Pa·
558 2352 793 2417 Demosthenis
816 2353 924 2415 verbis
941 2353 1072 2417 minime
1088 2353 1351 2416 concludendum
1377 2363 1438 2431 est,

204 2443 407 2505 arbitrorum
431 2441 606 2521 collegium
630 2444 660 2504 in
686 2442 804 2504 decem
819 2451 929 2524 partes
944 2442 1079 2523 singulis
1093 2441 1243 2505 tribubus
1259 2441 1439 2506 destinatas

203 2531 347 2594 divisum
363 2526 470 2605 fuisse,
493 2530 552 2592 sed
569 2531 769 2612 singulae
786 2530 924 2595 tribus
941 2529 1438 2608 certalocahabuerunt,

208 2619 280 2682 ubi
304 2619 459 2682 arbitri
483 2638 636 2681 causas
660 2639 812 2698 eorum,
838 2620 976 2700 quiex
999 2620 1072 2682 illa
1095 2620 1214 2682 tribu
1238 2622 1439 2684 accusati

211 2716 348 2783 erant,
374 2707 658 2771 instruebant.
685 2707 838 2770 Omnium
855 2717 964 2773 autem
980 2709 1161 2772 sententiae
1185 2727 1228 2770 ex
1251 2708 1305 2771 illo
1328 2710 1438 2789 lapide

203 2797 252 2860 ab
277 2796 456 2859 Aristotele
480 2794 566 2879 (cap.
592 2797 643 2875 55,
669 2794 700 2882 5)
725 2806 982 2860 commemorato
1007 2797 1308 2878 pronuntiabantur.
1344 2798 1439 2880 Quae

212 2906 311 2967 supra
337 2885 504 2966 disputata
527 2884 621 2947 latius
644 2894 795 2966 repetere
818 2886 927 2949 inutile
950 2894 1011 2954 est.

258 2975 435 3038 Indivisum
459 2975 555 3054 igitur
578 2974 774 3038 arbitrorum
798 2975 972 3056 collegium
989 2984 1059 3038 erat
1074 2994 1136 3037 nec
1151 2983 1218 3037 tam
1235 2983 1305 3038 arte
1322 2975 1439 3038 cohae-

207 3064 316 3143 rebat,
341 3084 439 3144 quam
464 3064 526 3125 alia
542 3063 689 3144 collegia,
714 3083 798 3146 quae
814 3067 943 3146 saepius
961 3063 1211 3128 conveniebant.
1236 3063 1345 3127 Unum
1362 3084 1440 3128 vero

206 3153 256 3217 rde
279 3153 433 3234 praeside
458 3150 587 3232 collegii
610 3153 833 3216 testimonium
856 3154 1029 3237 habemuS,
1054 3153 1151 3216 Dem.
1170 3153 1248 3216 Mid.
1270 3151 1348 3238 §87
1372 3155 1438 3217 πεί-

205 3266 281 3312 ισας,
294 3241 349 3305 τὸν
365 3243 600 3323 πρυτανεύοντα
617 3241 728 3305 δοῦναι
750 3243 807 3326 τὴν
830 3249 945 3326 ψῆφον
968 3241 1057 3323 παρὰ
1072 3244 1192 3312 πάντας
1214 3242 1288 3312 τοὺς
1304 3245 1436 3326 νόμους.

215 3330 280 3411 Qui
305 3351 378 3392 cum
403 3331 620 3412 reputaverim,
645 3350 711 3392 non
734 3334 886 3412 πρύτανις
902 3331 1036 3404 dicatur,
1061 3349 1126 3392 non
1143 3333 1174 3393 in
1192 3332 1343 3395 omnibus
1367 3352 1441 3395 con·

208 3419 361 3484 sessibus
385 3419 472 3482 idem
496 3419 594 3481 fuisse
607 3420 742 3482 videtur.
768 3419 834 3482 Sed
858 3440 967 3500 aquo
991 3428 1024 3482 et
1048 3420 1218 3500 quomodo
1241 3429 1369 3484 creatus
1392 3421 1441 3500 sit,

215 3510 274 3571 nisi
298 3509 493 3570 coniecturis
520 3508 703 3588 investigari
738 3528 803 3570 non
827 3517 946 3588 potest.
986 3510 1122 3573 Praeses
1146 3509 1215 3571 sine
1240 3509 1339 3572 dubio
1363 3530 1444 3574 unus

215 3618 259 3660 ex
283 3597 409 3659 arbitris
433 3594 535 3682 fuit2).
575 3595 762 3660 Secundum
794 3600 957 3679 prytanias
967 3596 992 3681 ³)
1017 3598 1092 3678 eligi
1124 3618 1190 3660 non
1212 3599 1327 3680 potuit,
1353 3600 1444 3681 quod

214 3688 384 3767 prytaniae
415 3687 610 3749 arbitrorum
646 3706 712 3748 non
746 3683 881 3750 fuerunt.
930 3685 999 3750 Sed
1033 3687 1120 3750 aliud
1144 3687 1222 3749 mihi
1245 3690 1277 3750 in
1301 3699 1445 3750 mentem

210 3776 312 3838 venit.
376 3773 603 3856 Quadraginta
639 3777 726 3837 viros
765 3775 952 3856 catalogum
991 3775 1185 3838 arbitrorum
1224 3776 1256 3838 in
1293 3777 1445 3840 manibus

216 3865 370 3926 habuisse
409 3872 443 3925 et
482 3864 558 3926 inde
597 3863 730 3944 singulis
777 3866 883 3927 causis
922 3864 1060 3926 arbitros
1098 3875 1185 3927 sorte
1224 3864 1364 3946 elegisse
1403 3885 1447 3928 ex

215 3945 402 4015 Aristotelis
437 3973 510 4034 cap.
536 3951 588 4018 53.
613 3951 676 4037 §5
713 3953 877 4022 discimus,
916 3952 1004 4034 Quid
1028 3953 1230 4016 verisimilius
1254 3963 1312 4030 est,
1347 3974 1445 4036 quam

214 4044 355 4106 eosdem
379 4041 572 4104 arbitrorum
607 4042 746 4123 collegio
782 4063 880 4106 unum
916 4063 960 4106 ex
994 4045 1144 4104 universo
1176 4063 1287 4107 eorum
1311 4061 1446 4106 numero

215 4140 305 4194 sorte
340 4140 483 4193 creatum
517 4130 731 4211 praefecisse,
770 4133 1030 4213 quotiescunque
1064 4132 1107 4193 ad
1141 4151 1332 4194 consessum
1368 4152 1447 4195 con-

212 4218 414 4282 veniebant?

218 4363 379 4370 -.——

257 4433 276 4496 ²)
296 4435 329 4484 D.
351 4439 394 4481 att.
413 4427 502 4481 Ρτοο.2
521 4448 545 4495 p.
567 4431 644 4492 1015.

254 4501 276 4568 ²)
296 4504 334 4553 Cl.
350 4503 432 4566 Bergk
451 4505 478 4552 Z.
494 4503 510 4552 i.
525 4504 550 4552 d.
563 4505 595 4551 A.
610 4504 650 4550 W.
668 4503 743 4565 1849,
762 4519 787 4568 p.
802 4503 866 4564 276;
886 4504 987 4552 Hubert
1005 4520 1031 4569 p.
1046 4504 1088 4555 54.
1107 4504 1194 4552 Busolt
1213 4520 1239 4566 p.
1254 4505 1312 4555 271.

256 4573 276 4638 ³)
297 4573 337 4626 Cl.
356 4573 439 4638 Bergk
458 4574 551 4624 ibidem
571 4583 597 4623 et
616 4573 716 4638 Lipsius
735 4576 768 4624 D.
782 4583 828 4624 att.
843 4571 892 4635 P.²,
910 4591 939 4640 p.
953 4575 1011 4625 334.
1033 4576 1093 4623 adn.
1108 4575 1150 4623 38.
