3330 5234
743 551 969 614 ...34-

290 733 538 815 Peregrinorum
568 730 640 794 lites
672 730 714 793 ad
746 728 993 811 polemarchum
1018 728 1262 812 deserebantur,
1300 729 1341 793 ab
1365 749 1475 810 eoque

247 829 459 902 -quattuor
479 819 585 881 causis
609 819 757 899 exceptis
779 826 922 882 —sorte
946 838 1006 901 per
1027 838 1189 900 pagorum
1212 819 1336 883 iudices
1359 819 1403 881 ad
1427 839 1474 880 ar·

245 909 349 973 bitros
364 909 553 974 transibant.
575 906 610 971 Si
626 909 816 989 provocatio
829 908 938 984 fiebat,
953 927 973 969 a
987 927 1149 989 pagorum
1165 908 1326 972 iudicibus
1341 909 1476 988 recipie·

245 999 350 1062 batur.
376 997 467 1063 Servi
492 1006 525 1061 et
547 997 609 1078 ipsi
634 996 764 1079 quidem
788 997 870 1059 inter
892 997 1084 1077 peregrinos
1100 997 1288 1060 numerandi
1304 1006 1388 1076 sunt,
1413 997 1476 1060 sed

245 1107 305 1150 eos
328 1086 555 1149 accusantibus
579 1085 825 1168 polemarchum
855 1086 944 1148 adire
967 1106 1033 1147 non
1056 1086 1184 1164 licebat,
1217 1107 1290 1150 cum
1313 1105 1475 1168 pagorum

247 1177 369 1240 iudices
394 1176 455 1260 ipsi
480 1194 535 1237 eas
558 1176 631 1237 lites
655 1175 843 1256 acciperent
867 1182 900 1237 et
916 1175 1043 1238 arbitris
1060 1175 1282 1239 diiudicandas
1298 1175 1475 1244 traderent,

293 1266 385 1328 Haec
410 1264 564 1346 exceptio
588 1265 684 1327 etiam
701 1263 743 1326 ab
767 1267 812 1326 eis
837 1283 995 1326 concessa
1015 1273 1075 1340 est,
1100 1266 1155 1348 qui
1171 1264 1364 1327 sententiam
1388 1273 1477 1326 tene·

250 1353 339 1432 bant,
365 1353 488 1416 civibus
506 1352 584 1416 solis
615 1352 703 1435 apud
727 1352 867 1416 arbitros
892 1353 1076 1432 disceptare
1092 1354 1231 1417 licuisse.
1257 1352 1317 1417 Cui
1333 1353 1477 1416 necessi-

250 1443 310 1505 tati
337 1443 465 1507 Hubert
491 1437 535 1528 (p.
552 1437 605 1527 35)
629 1441 829 1522 argumentis
849 1461 884 1504 se
911 1442 1079 1522 subduxit,
1104 1463 1187 1526 quae
1211 1442 1312 1504 verba
1335 1450 1476 1522 servent,

251 1551 320 1593 rern
353 1532 514 1594 deserant.
545 1530 640 1592 Nunc
670 1538 779 1593 autem
803 1531 912 1594 omnia
936 1531 1058 1612 optime
1082 1539 1276 1614 congmunt,
1299 1538 1477 1615 postquam

250 1620 438 1684 Aristotelis
463 1620 644 1682 doctrinam
668 1620 864 1702 accepimus

619 1851 662 1926 B.
691 1850 755 1926 De
783 1855 935 1926 civium
964 1856 1110 1928 causis

299 2028 404 2091 Multo
420 2027 581 2090 difficilior
603 2026 705 2090 altera
721 2027 869 2107 quaestio
886 2034 944 2102 est,
968 2037 1074 2091 utrum
1098 2049 1213 2092 omnes
1229 2029 1344 2092 civium
1362 2048 1480 2092 causae

252 2118 400 2200 privatae
424 2117 466 2179 ad
497 2117 690 2179 arbitrorum
713 2117 914 2196 provinciam
938 2117 1150 2196 pertinuerint
1173 2137 1285 2188 necne,
1326 2117 1478 2181 Arbitros

125 2279 127 2284 ¹
255 2206 372 2269 civium
396 2226 511 2268 causas
534 2225 554 2267 a
577 2225 737 2286 pagorum
761 2204 922 2267 iudicibus
947 2215 1034 2268 sorte
1058 2208 1227 2286 accepisse
1252 2225 1366 2270 omnes
1402 2208 1476 2269 anti·

180 2309 183 2314 ·
255 2295 387 2378 quitatis
403 2304 555 2358 auctores
572 2315 646 2356 eum
659 2295 732 2375 ipso
745 2294 925 2357 Aristotele
941 2303 1110 2358 testantur.
1126 2296 1211 2357 Nam
1225 2314 1340 2359 omnes
1352 2313 1471 2372 causas,

253 2405 339 2466 quae
355 2384 455 2466 pluris
472 2404 568 2468 quam
580 2383 612 2445 X
629 2384 791 2446 drachmis
808 2384 1071 2462 aestimabantur,
1096 2405 1160 2446 non
1177 2404 1336 2467 pagorum
1353 2384 1469 2447 iudices

254 2473 464 2550 instruebant,
489 2473 548 2535 sed
572 2473 682 2535 arbitri
706 2473 809 2535 abiis
833 2481 922 2534 sorte
946 2473 1040 2536 electi
1049 2471 1083 2559 1).

299 2562 348 2625 At
365 2563 472 2640 miror,
497 2561 587 2643 quod
607 2561 758 2624 omnibus
782 2559 894 2645 fere2),
920 2563 973 2643 qui
998 2563 1040 2624 de
1064 2562 1192 2625 arbitris
1204 2561 1303 2624 verba
1322 2561 1477 2642 iecerunt,

255 2661 290 2714 et
313 2651 483 2714 Aristoteli
492 2649 515 2736 ³)
538 2651 600 2730 ipsi
624 2670 722 2712 unum
747 2652 840 2732 quasi
865 2652 1041 2730 praeterire
1065 2651 1116 2714 vel
1132 2651 1287 2714 brevibus
1302 2651 1410 2713 verbis
1427 2650 1481 2712 ab·

258 2741 384 2803 solvere
392 2738 420 2818 ⁴)
437 2739 569 2819 placuit,
587 2739 677 2819 quod
694 2738 772 2800 mihi
788 2740 920 2820 quidem
938 2741 1071 2803 maximi
1085 2741 1242 2803 momenti
1259 2761 1333 2802 esse
1345 2740 1480 2803 videtur.

257 2830 334 2892 Non
359 2829 443 2891 enim
466 2845 627 2908 pagorum
651 2828 775 2890 iudices
799 2827 869 2903 soli,
894 2829 955 2892 sed
979 2831 1077 2890 etiam
1100 2830 1151 2891 alii
1168 2830 1380 2910 magistratus
1402 2829 1483 2892 arbi·

187 2953 193 2960 ·
260 2920 317 2980 tris
357 2938 470 2979 causas
505 2917 710 2979 instruendas
733 2916 923 2992 tradebant,
959 2918 994 2979 id
1018 2919 1106 3000 quod
1129 2939 1174 2982 ex
1197 2918 1396 2981 orationibus
1419 2919 1485 2980 De·

258 3007 440 3070 mosthenis
471 3007 549 3068 satis
580 3005 784 3086 intellegitur,
832 3006 984 3068 Eundem
1015 3026 1146 3070 sensum
1179 3009 1308 3088 Lipsius
1318 3007 1342 3090 5)
1374 3007 1484 3070 verbis

259 3095 398 3158 Pollucis
421 3093 515 3179 (VIII,
533 3094 589 3178 93)
615 3094 804 3175 supposuit:
830 3096 1010 3177 εἰσαγωγεῖς
1033 3098 1133 3178 ἀρχῆς
1161 3098 1328 3179 κληρωτῆς
1352 3099 1482 3178 ὄνομα·

261 3182 348 3248 οὗτοι
362 3185 396 3247 δὲ
409 3184 464 3253 τὰς
476 3185 567 3253 δίκας
586 3188 751 3268 εἰσήγαγον
762 3184 846 3265 πρὸς
860 3185 934 3255 τοὺς
946 3186 1110 3269 διαιτητάς.
1137 3187 1222 3249 Nam
1236 3185 1373 3249 Pollucis
1385 3186 1486 3247 adno-

262 3274 419 3336 tationem
444 3273 623 3335 mutilatam
648 3283 682 3336 et
705 3273 875 3336 confusam
893 3273 969 3336 nihil
985 3274 1072 3340 aliud
1099 3276 1281 3356 significare
1298 3284 1400 3355 putat,
1425 3275 1485 3339 nisi

261 3363 506 3444 magistratuum
531 3382 606 3425 suas
631 3382 796 3444 quemque
820 3383 936 3425 causas
965 3363 1093 3425 arbitris
1109 3365 1293 3428 tradidisse.
1319 3363 1353 3428 Si
1369 3384 1487 3446 provo·

263 3453 349 3515 catio
373 3451 483 3526 fiebat,
515 3452 576 3531 ipsi
608 3472 677 3514 rem
708 3452 751 3513 ad
784 3451 947 3526 iudicium,
985 3452 1036 3513 cui
1069 3453 1313 3534 praesidebant,
1338 3451 1489 3516 ferebant

261 3539 423 3624 (εἰσῆγον).

305 3628 371 3693 Sed
403 3648 524 3711 operae
555 3629 695 3709 pretium
727 3637 795 3705 est,
835 3649 950 3692 omnes
982 3649 1037 3693 eas
1062 3650 1177 3693 causas
1200 3631 1314 3694 aliene
1338 3641 1371 3696 et
1401 3650 1488 3693 com·

259 3774 419 3782 .———-

300 3845 320 3910 ¹)
340 3847 378 3896 Cf.
399 3849 506 3897 Aristot.
522 3843 587 3896 Ἀθ.
606 3843 662 3896 παλ.
683 3848 726 3910 53,
745 3845 770 3898 2.

299 3914 320 3982 ²)
339 3920 443 3967 Praeter
461 3917 686 3968 Hudtwalclrerum
705 3935 731 3984 p.
751 3918 864 3969 64-74.

299 3985 320 4052 ⁸)
340 4005 396 4054 cap.
409 3990 478 4049 LVI,
498 3991 514 4040 6
532 3991 638 4053 legimus
658 3990 689 4038 de
708 3995 841 4038 archonte:
874 3987 975 4055 γραφαί
1007 3987 1036 4041 δὲ
1062 3988 1108 4041 καὶ
1136 3989 1208 4041 δίκαι
1235 3989 1404 4058 ἰαγχάνσνται
1423 3985 1491 4054 πρὸς

262 4055 349 4120 αὐτόν,
376 4058 406 4116 ἃς
425 4057 619 4124 ἀνακρίνας
638 4058 674 4115 εἰς
692 4057 720 4110 τὸ
738 4058 909 4125 δικαστήριον
934 4059 1029 4128 εἰσάγει
1049 4069 1097 4112 etc.
1117 4063 1175 4113 Hoc
1194 4064 1255 4113 loco
1274 4061 1415 4129 ἀνακρίνας
1436 4077 1491 4110 non

265 4131 298 4180 ad
317 4129 393 4186 δίκας
413 4132 528 4196 quadrat,
548 4148 612 4197 quae
632 4133 666 4180 ab
685 4134 786 4182 arbitris
805 4133 1000 4195 instruebantur,
1019 4135 1063 4182 sed
1083 4134 1115 4182 de
1134 4140 1248 4199 γραφαῖς
1260 4135 1320 4183 solis
1340 4132 1491 4197 intellegen-

263 4203 324 4252 dum
343 4213 388 4251 est.
408 4204 484 4252 Hanc
503 4209 584 4252 totam
603 4206 731 4252 materiam
751 4205 904 4253 Aristoteles
924 4206 1019 4254 minore
1039 4221 1099 4254 cura
1117 4215 1160 4255 aut
1178 4207 1282 4256 scientia
1302 4203 1425 4256 tractavit.

301 4271 311 4300 ⁴
344 4272 446 4322 Hubert
484 4274 547 4327 ,39.

301 4273 323 4408 ⁶3
342 4345 441 4410 Lipsius
462 4290 495 4395 ἰδ.
509 4352 553 4396 att.
566 4341 656 4395 Ρτοσ.ι
669 4363 694 4410 p.
708 4342 780 4412 94J5,
804 4347 886 4396 Nimis
904 4348 1012 4396 audacia
1031 4354 1055 4397 et
1067 4363 1156 4412 parum
1174 4365 1234 4396 vera
1253 4349 1284 4397 de
1306 4348 1366 4397 hoc.
1385 4348 1445 4397 loco
1466 4355 1493 4396 et

265 4415 298 4465 de
319 4416 430 4480 collegio
449 4413 614 4480 εἰσαγωγέων
634 4417 747 4467 Goodell
767 4417 905 4468 construxit
923 4415 994 4484 (Am.
1007 4419 1094 4482 Journ.
1111 4420 1140 4468 oi
1156 4420 1247 4469 Philol.
1260 4417 1322 4480 XII,
1343 4418 1357 4467 3
1377 4435 1402 4484 p.
1415 4419 1492 4484 325);

257 4484 300 4563 cs.
314 4487 380 4535 inira
399 4505 424 4553 p.
447 4489 490 4549 37,
510 4490 567 4539 adu.
587 4488 611 4537 4.
