3330 5234
700 523 922 594 ...23-

193 699 277 776 tulit,
294 709 329 762 ut
340 701 486 782 singulos
503 701 641 763 arbitros
654 700 743 781 apud
759 719 949 764 consessum
965 701 1066 772 totius
1083 700 1276 765 arbitrorum
1294 701 1421 784 collegii

192 797 368 851 accusatos
391 790 433 851 ab
457 809 563 871 eoque
587 791 747 852 iudicatos
771 809 847 852 esse
865 799 1004 870 putaret.
1029 789 1100 852 Nec
1116 790 1303 853 Aristotelis
1319 792 1422 854 verba

193 877 287 942 aliter
309 876 530 959 intellegenda
553 888 636 950 sunt,
680 879 765 948 Num
795 898 875 941 vero
899 880 946 941 sic
970 897 1038 940 rem
1062 879 1186 959 optime
1208 883 1421 960 expresserit,

193 965 313 1030 inutilis
341 967 490 1048 quaestio
506 977 565 1031 est.
590 967 665 1031 Hoc
689 987 787 1029 unum
811 967 837 1028 si
860 976 1019 1042 tenemus,
1045 969 1223 1049 Bergkium
1247 969 1309 1030 hac
1333 969 1365 1031 in
1388 989 1423 1032 re

194 1074 307 1122 verum
331 1056 461 1135 vidisse,
484 1052 579 1128 facile¹
602 1076 676 1118 eum
700 1057 731 1118 in
755 1058 871 1120 ceteris
897 1077 971 1122 cum
987 1056 1165 1139 Hubert01)
1189 1077 1376 1140 sequemur.

241 1143 317 1206 Alia
324 1153 471 1208 veterum
481 1144 666 1208 testimonia
681 1147 722 1210 de
741 1145 912 1227 εἰσαγγελίᾳ
925 1145 1081 1209 adversus
1093 1145 1232 1210 arbitros
1241 1148 1324 1212 haec
1336 1152 1425 1210 sunt:

219 1235 322 1296 ·Lex.
340 1233 438 1316 Segu.
457 1234 601 1317 (Bekker
620 1234 802 1300 Anecdota
825 1233 850 1319 Ι)
874 1254 906 1313 p.
933 1233 1007 1312 235,
1033 1234 1091 1296 24ι
1116 1235 1171 1299 τὸν
1195 1236 1231 1299 δὲ
1255 1235 1425 1299 ἀδικοῦντα

194 1323 352 1405 διαιτητὴν
376 1324 450 1406 ε’ξῆν
474 1323 681 1404 εἰσαγγέλλειν
704 1323 760 1386 καὶ
783 1325 814 1385 εἴ
834 1347 880 1392 τις
903 1324 998 1397 ἑάλω,
1024 1324 1129 1406 ἀτιμία
1152 1323 1249 1407 ἦντὸ
1273 1325 1427 1406 ἐπιτίμου

193 1439 238 1468 ==
261 1410 392 1494 scholl)
416 1412 460 1475 ad
482 1411 563 1481 Plat.
587 1412 652 1492 leg.
676 1413 734 1489 XI,
760 1431 793 1492 p.
817 1411 883 1475 926
907 1410 942 1477 C.

214 1569 216 1576 ,
239 1501 335 1569 Dem.
353 1522 399 1566 or.
424 1501 463 1562 21
490 1497 575 1585 (adv.
592 1499 683 1586 Mid.)
707 1499 727 1585 ξ
750 1500 793 1563 86
815 1521 864 1582 sq.
888 1501 1089 1584 βουλόμενος
1112 1500 1148 1564 δὲ
1170 1501 1206 1564 τὸ
1229 1503 1347 1584 μέλλον
1370 1503 1425 1568 λα·

193 1591 264 1653 δεῖν
287 1591 433 1673 φυλάξας
454 1591 511 1674 τὴν
533 1590 709 1653 τελευταίαν
743 1591 867 1673 ἡμέραν
889 1595 955 1653 τῶν
978 1591 1145 1674 διαιτητῶν
1173 1591 1242 1673 [τὴν
1265 1598 1321 1654 τοῦ
1344 1591 1427 1672 riup-

193 1680 386 1763 γηλιῶνοςῆ
409 1683 466 1742 τού
490 1685 750 1761 σκιροφοριῶνος
775 1676 1001 1765 γιγνομένην3],
1026 1681 1069 1748 εἰς
1092 1681 1130 1762 ἣν
1153 1681 1246 1762 ὁμὲν
1261 1680 1340 1762 ἥλύε
1362 1686 1428 1744 τῶν

194 1769 371 1850 διαιτητῶν,
396 1769 415 1832 δ
438 1764 530 1832 δὀὐκ
543 1769 632 1850 ἰγλδε,
649 1769 761 1836 πείσας
775 1767 831 1831 τὸν
847 1771 1083 1848 πρυτανεύοντα
1101 1769 1213 1832 δοῦναι
1231 1770 1287 1853 τὴν
1310 1776 1425 1852 ψῆφον

192 1858 292 1938 ττὰρα
315 1859 438 1926 πάντας
452 1855 528 1926 τούς
542 1857 675 1941 νόμους,
692 1857 820 1940 κλητῆρ’
837 1857 1052 1921 οὐδ’δντινούν
1067 1853 1338 1941 ἐπιγραψάμενος,
1354 1882 1428 1922 κατ·

194 1952 325 2032 ηγορῶν
340 1948 473 2030 ἔρημον,
499 1945 631 2015 οὐδενὸς
646 1945 816 2028 παρόντος,
834 1947 979 2030 ἐκβάλλει
1002 1947 1056 2010 καὶ
1069 1947 1176 2029 ἀτιμοῖ
1186 1945 1241 2010 τὸν
1258 1947 1424 2030 διαιτητήν.

238 2037 292 2099 Αε
315 2034 558 2098 Demosthenes
583 2035 715 2116 quidem
747 2035 790 2098 de
820 2037 953 2100 actione
983 2035 1141 2098 adversus
1165 2034 1337 2113 arbitrum,
1370 2036 1432 2119 qui

194 2125 335 2188 officium
351 2123 500 2198 laeserat,
526 2125 674 2204 loquitur,
701 2124 762 2186 sed
785 2132 892 2186 utrum
911 2125 1101 2206 εἰσαγγελίαν
1124 2145 1164 2186 an
1188 2125 1326 2194 εὐδύνας
1350 2145 1425 2188 sen-

193 2216 277 2291 tiret,
302 2215 409 2278 multis
434 2213 569 2276 dubium
593 2211 799 2298 videbatur4).

238 2305 352 2385 Itaque
383 2303 571 2385 priusquam
603 2321 647 2366 ex
677 2301 743 2363 hoc
774 2301 850 2364 loco
882 2300 1006 2384 aliquid
1037 2301 1282 2377 concludamus,
1314 2302 1356 2364 ibi
1382 2302 1424 2364 de

193 2393 366 2474 εἰσαγγελίᾳ
389 2392 443 2472 agi
466 2391 759 2455 demonstrandum
782 2399 843 2458 est.
879 2389 932 2454 De
954 2390 1105 2470 euthynis
1129 2389 1323 2453 arbitrorum
1347 2390 1425 2452 nihil

196 2481 383 2563 accepimus
400 2481 459 2544 nisi
472 2480 601 2561 Ulpiani
617 2477 898 2564 adnotationemll,
924 2499 988 2560 qua
1005 2479 1162 2544 docemur
1174 2498 1298 2541 morem
1314 2480 1424 2557 luisse,

197 2581 233 2635 ut
255 2571 365 2633 arbitri
389 2567 766 2647 menseScirophorione
790 2568 821 2630 in
845 2567 984 2648 aliquem
1008 2569 1115 2636 locum
1136 2569 1354 2642 convenirent,
1379 2576 1424 2647 ut,

197 2662 225 2724 si
245 2662 317 2742 quis
338 2677 396 2720 eos
417 2677 570 2721 accusare
592 2657 698 2736 vellet,
724 2658 881 2721 adessent
892 2665 926 2719 et
945 2659 1106 2720 rationem
1122 2656 1308 2724 redderent.
1333 2658 1427 2720 Prae·

195 2758 286 2814 terea
315 2747 394 2810 nihil
424 2768 468 2810 ex
496 2747 636 2829 antiquis
658 2746 845 2809 auctoribus
876 2747 919 2809 de
942 2747 1093 2816 εὐθύναις
1116 2745 1309 2808 arbitrorum
1333 2765 1436 2808 coma

196 2839 351 2922 perimus
368 2836 560 2918 εἰσαγγελίαν
575 2834 678 2897 solam
694 2844 862 2897 testantur.
887 2835 1039 2911 Accedit,
1065 2835 1154 2917 quod
1171 2855 1211 2896 ne
1227 2834 1427 2900 Aristoteles

198 2928 330 3010 quidem
369 2925 410 2986 de
440 2926 566 2988 ratione
604 2924 731 2986 arbitris
766 2925 951 2999 reddenda,
985 2926 1045 2987 sed
1080 2925 1140 2986 nisi
1176 2924 1218 2993 de
1252 2924 1428 3006 εἰσαγγελίᾳ

197 3037 264 3080 non
280 3011 456 3099 loquiturt).
488 3014 602 3094 Itaque
621 3011 758 3095 Bergkl)
790 3013 1038 3093 grammaticum
1068 3014 1154 3076 illam
1181 3013 1428 3076 adnotationem

196 3127 264 3170 non
287 3125 306 3168 e
328 3112 418 3166 certo
441 3111 575 3166 auctore
591 3111 755 3182 sumptam
779 3102 953 3165 tradidisse
976 3102 1036 3163 sed
1052 3104 1158 3182 ipsum
1181 3103 1341 3164 invenisse
1364 3103 1382 3168 i.
1397 3121 1425 3164 e.

195 3192 278 3260 falsa
300 3193 567 3272 interpretatione
599 3190 874 3254 eDemosthenis
905 3191 1011 3254 verbis
1045 3191 1210 3254 derivasse
1234 3200 1336 3270 putat.
1384 3190 1428 3254 Et

197 3284 310 3350 falsam
342 3301 414 3343 eam
446 3301 520 3344 esse
543 3279 842 3362 interpretationem
874 3279 964 3343 multi
985 3280 1056 3348 ,viri
1081 3280 1170 3342 docti
1193 3280 1426 3361 probaverunt,

197 3394 335 3457 quorum
359 3369 443 3434 haec
466 3369 660 3452 gravissima
682 3378 757 3431 sunt
779 3377 980 3448 argumenta.

236 3462 279 3526 ‘H
292 3459 449 3527 τελευταία
462 3460 569 3542 ἡμέρα
583 3463 649 3520 τῶν
661 3458 828 3542 διαιτητῶν
850 3457 996 3520 ultimum
1014 3458 1099 3520 diem
1115 3458 1275 3524 rationum
1299 3456 1426 3518 arbitris
1485 3527 1487 3532 ,

197 3554 435 3617 reddendarum
458 3547 639 3628 significare
663 3567 798 3627 prorsus
828 3567 893 3608 non
926 3556 1047 3627 potest.
1088 3545 1222 3627 Sauppii
1246 3565 1324 3608 vero
1348 3565 1427 3608 con·

197 3642 356 3730 iectura8)‚
380 3638 434 3718 qui
451 3637 617 3720 διαιτητῶν
631 3638 663 3699 in
679 3637 827 3699 εὐθυνῶν
843 3637 988 3715 mutavit,
1001 3656 1067 3700 non
1083 3635 1267 3698 necessaria
1282 3634 1428 3714 ideoque

198 3795 356 3805 κ-

235 3871 243 3902 ι

232 3872 255 4008 ’δ
271 3877 449 4009 huliikhiius,
467 3945 567 4012 Σχόλια
586 3944 622 4002 εἷς
640 3944 771 3998 Πλάτωνα
790 3966 818 4014 p.
832 3949 893 4000 239.

232 4014 253 4084 ³)
272 4020 396 4068 Mensiurn
416 4021 519 4068 nomina
537 4020 690 4082 interpolata
701 4019 797 4084 primus
812 4021 843 4068 G.
856 4020 890 4070 H.
904 4019 1011 4069 Schaier
1030 4020 1103 4068 eiecit
1123 4024 1149 4066 et
1168 4017 1285 4082 plerique
1304 4025 1429 4066 auctores

196 4105 254 4139 eum
273 4093 350 4140 secuti
370 4103 435 4142 sunt.

231 4157 253 4224 ⁴)
273 4161 311 4210 Cf.
332 4163 433 4210 Hubert
452 4178 478 4226 p.
492 4162 535 4224 52,
555 4163 599 4228 qui
619 4163 732 4213 omnium
752 4168 885 4210 auctorum
904 4161 1005 4210 nomina
1024 4167 1050 4209 et
1068 4160 1207 4208 sententias
1228 4167 1367 4210 enumerat.
1390 4175 1393 4179 ·

187 4269 192 4276 .
232 4228 254 4297 ⁵)
273 4233 306 4280 ad
325 4235 400 4283 Dem.
419 4233 436 4282 l.
456 4249 477 4281 c.
498 4231 571 4296 (542,
593 4232 643 4298 15).

230 4302 253 4370 ⁶)
273 4303 313 4356 Ci.
333 4305 377 4353 Ar.
394 4301 447 4353 Ἁύ.
466 4301 523 4352 πολ.
543 4320 600 4368 cap.
614 4305 673 4353 LIV
695 4301 712 4370 ξ
733 4305 757 4366 2,
776 4304 819 4352 nbi
838 4305 870 4352 de
889 4300 1014 4358 εὐθύναις
1043 4303 1154 4352 omnium
1173 4301 1428 4364 magistratuum

197 4371 259 4438 (non
279 4375 388 4424 iudicum
409 4384 434 4423 et
453 4375 619 4440 arbitrorum)
638 4375 731 4438 agitur.

232 4441 253 4508 ⁷)
272 4447 300 4495 Ζ.
315 4445 330 4498 f.
344 4447 368 4498 d.
383 4449 414 4497 A.
429 4445 472 4496 W.
489 4447 565 4510 1849,
584 4463 609 4511 p.
624 4447 684 4496 274.

232 4512 253 4581 ⁸)
273 4517 366 4581 Jenaer
384 4518 635 4582 Litteraturzeitung,
658 4517 733 4567 1876.
753 4518 804 4566 Nr.
824 4519 847 4572 ί.
865 4535 890 4583 p.
905 4518 962 4569 118.
