3330 5234
710 562 929 623 „11-

214 743 416 815 putaremus
442 733 657 817 quadraginta
691 741 758 795 tres
794 735 869 795 anni
902 743 1011 797 essent
1042 753 1101 795 nec
1132 733 1206 814 plus
1238 753 1334 816 quarn
1368 755 1445 814 qua-

215 823 366 903 draginta
406 822 471 885 duo
511 822 682 902 eponymi,
722 823 765 883 ita
801 831 836 884 ut
870 823 958 884 orbis
997 842 1062 884 non
1097 821 1224 885 clausus
1261 831 1346 885 esset
1384 824 1444 885 sed

211 912 423 994 interruptus
470 911 587 991 Neque
625 911 735 990 opinio
771 919 845 972 nost
847 930 881 972 ra
916 931 991 976 eum
1016 910 1204 973 Aristotelis
1239 911 1346 974 verbis
1370 931 1444 973 con·

214 1009 362 1082 grueret:
395 1001 449 1062 καί
473 1001 695 1080 ἐπεγράφοντο
719 1000 827 1112 αὐτοῖς
866 997 924 1082 (se.
948 1006 1013 1069 τοῖς
1045 996 1237 1105 ἐφήβοις)
1223 1004 1243 1062 ό
1276 1025 1291 1062 τ
1301 1001 1439 1081 ι’ίρχαιν,

216 1090 276 1172 ἐφ’
287 1087 325 1152 οὗ
365 1089 594 1173 ἐνεγράφησαν,
634 1090 687 1151 καὶ
727 1090 745 1150 ὁ
727 1090 955 1170 οέπώννμος
995 1090 1014 1151 δ
1050 1113 1105 1170 τῳ
1143 1090 1335 1192 προτέρῳ
1364 1091 1444 1152 ἔτει

216 1178 540 1260 δεδιαιτηκώςὶ
566 1197 593 1241 e.
618 1178 655 1251 is,
681 1197 778 1258 quem
802 1198 1002 1257 eponymum
1019 1177 1203 1242 habuerunt
1217 1178 1325 1242 arbi
1287 1189 1327 1242 rr
1351 1199 1440 1259 prae

216 1268 361 1330 cedentis
387 1267 459 1328 anni
470 1265 503 1352 ¹.)
528 1267 619 1328 Idem
644 1266 842 1346 intellegitur
858 1285 900 1327 ex
924 1286 996 1347 cap,
1014 1265 1055 1328 53
1081 1265 1144 1352 §5
1155 1293 1160 1328 :
1192 1267 1247 1329 τὸν
1278 1263 1313 1329 δε
1343 1269 1444 1330 τελεα-

214 1363 303 1419 ταῖον
326 1361 391 1418 τῶν
415 1358 602 1438 ἐπωνύμων
626 1355 774 1438 λαβόντες
799 1357 829 1418 οἱ
851 1355 1080 1435 τετταράκοντα
1106 1357 1311 1438 διανέμουσιν
1335 1358 1443 1425 αὐτοῖς

213 1445 269 1514 τὰς
295 1445 422 1513 διαίτας.
462 1445 602 1508 Ultimus
626 1445 712 1505 enirn
737 1463 919 1525 eponymus
943 1452 1012 1506 crat
1037 1445 1306 1526 quadragesimus
1330 1465 1442 1507 secun·

213 1533 284 1608 due,
310 1553 405 1614 quem
430 1536 459 1595 ei
483 1532 661 1609 habebant,
687 1534 740 1613 qui
758 1533 1000 1613 sexagesimum
1017 1533 1133 1596 aetatis
1150 1553 1267 1595 annum
1288 1534 1441 1614 agebant.

211 1622 291 1685 Post
314 1623 400 1685 hunc
425 1643 554 1698 annum,
580 1630 615 1683 ut
639 1642 736 1704 supra
761 1623 912 1696 diximus
937 1622 1061 1703 primus
1086 1621 1194 1691 fiebat,
1242 1622 1289 1684 At
1312 1624 1338 1685 si
1364 1631 1442 1703 post

212 1711 374 1792 stipendia
399 1713 533 1773 emerita
557 1711 749 1774 arbitrorum
774 1731 876 1772 annus
891 1713 1063 1790 ponendus
1080 1720 1177 1788 esset,
1202 1711 1331 1774 arbitris
1355 1714 1441 1774 idem

213 1820 397 1881 eponymus
423 1809 521 1879 esset,
548 1801 601 1882 qui
626 1799 763 1882 ephebis
787 1800 932 1861 eiusdem
949 1801 1033 1872 anni,
1059 1809 1092 1862 et
1112 1800 1309 1863 Aristoteles
1333 1801 1442 1863 dicere

215 1890 339 1952 debuit:
366 1891 383 1952 ὁ
408 1890 583 1970 ἐπώνυμος
607 1891 625 1951 ὁ
648 1893 695 1969 τῷ
731 1890 820 1970 αὐτῷ
855 1890 913 1950 ἔτει
945 1890 1082 1955 διαιτῶν.
1130 1890 1219 1970 Ergo
1255 1889 1365 1952 arbitri
1389 1891 1441 1952 sti-

213 1979 332 2058 pendia
356 1979 499 2040 nondum
535 1986 748 2040 emeruerant.
797 1976 864 2040 Sed
901 1978 1052 2039 homines
1088 1987 1154 2039 tam
1188 1979 1327 2058 grandes
1363 1988 1439 2041 natu

213 2086 285 2130 raro
309 2067 350 2128 ad
385 2067 506 2130 bellurn
542 2068 640 2129 exciti
671 2074 754 2140 sunt,
788 2076 820 2128 et
844 2067 870 2128 si
894 2087 1055 2129 summum
1081 2067 1259 2147 periculum
1285 2069 1439 2146 instabat,

213 2157 366 2219 iustitium
391 2155 625 2219 intercedebat.

791 2403 864 2486 §2

421 2612 529 2686 Num
558 2608 761 2700 δοκιμασία
791 2608 1040 2682 arbitrorum
1071 2607 1204 2682 fuerit.

256 2829 307 2891 De
332 2829 506 2911 δοκιμασίᾳ
529 2830 721 2892 arbitrorum
746 2850 820 2891 curn
844 2829 921 2892 nihil
946 2850 964 2892 e
987 2827 1130 2892 fontibus
1154 2831 1291 2910 antiquis
1312 2830 1438 2890 haurire

211 2919 383 2999 possimus
409 2929 577 2982 auctorum
601 2921 815 2981 recentiorum
840 2918 890 2980 alii
915 2921 976 2981 alia
1000 2920 1059 2981 sibi
1083 2921 1255 2985 finxerunt.

256 3006 491 3070 Hudtwalcher
514 3028 647 3088 prorsus
673 3007 749 3069 nihil
775 3009 816 3069 de
842 3029 881 3069 ea
904 3028 938 3070 re
963 3008 1049 3082 dicit,
1075 3009 1176 3070 Meier
1200 3010 1246 3090 (p,
1276 3008 1327 3088 ll)
1351 3009 1439 3070 δοκι-

211 3097 329 3177 μασίαν
353 3097 556 3176 probabilem
578 3097 695 3174 reddit,
723 3096 912 3159 Schdmann
928 3095 1126 3182 (Philologus
1142 3097 1165 3174 I,
1184 3117 1215 3177 p.
1235 3097 1314 3180 729)
1330 3117 1439 3158 assen-

212 3186 273 3246 tire
296 3185 434 3254 videtur,

257 3273 384 3336 Hubert
408 3294 475 3338 rem
500 3276 530 3336 in
556 3274 655 3336 dubio
687 3274 845 3356 relinquit,
878 3275 937 3336 sed
961 3275 1002 3335 ad
1027 3294 1099 3336 eam
1127 3275 1311 3355 negandam
1336 3274 1438 3351 affert,

212 3363 303 3444 quod
328 3363 461 3425 εὐθύνοι
483 3362 676 3425 arbitrorum
701 3385 766 3426 non
790 3372 891 3426 erant.
933 3363 1028 3444 Quae
1045 3385 1144 3425 causa
1168 3366 1258 3444 parvi
1283 3364 1440 3425 momenti

211 3462 271 3520 est,
307 3452 467 3533 Equidem
500 3453 693 3535 δοκιμασίαν
724 3474 768 3516 ex
799 3452 986 3514 Aristotelis
1018 3453 1125 3514 verbis
1157 3452 1310 3532 colligere
1341 3471 1441 3532 posse

211 3541 289 3602 mihi
315 3539 435 3619 videor,
462 3561 546 3621 quae
571 3561 643 3622 cap,
670 3541 712 3604 53
736 3539 791 3626 §5
817 3544 858 3603 de
884 3542 1008 3604 ratione
1032 3542 1116 3604 inter
1139 3542 1279 3603 arbitros
1296 3540 1439 3621 singulas

211 3650 263 3692 res
284 3630 440 3693 sortiendi
464 3630 623 3710 leguntur,
661 3632 745 3692 Nam
767 3630 907 3711 catalogi
930 3630 1136 3710 epheborum
1154 3633 1182 3692 in
1201 3650 1274 3693 aere
1292 3629 1443 3708 insculpti

212 3719 424 3801 quadraginta
461 3739 525 3780 uno
560 3722 650 3781 annis
689 3729 765 3802 post
803 3739 869 3782 non
902 3721 1035 3782 multum
1071 3719 1239 3795 valebant,
1281 3740 1354 3781 curn
1389 3719 1440 3780 alii

211 3816 349 3870 mortem
374 3808 538 3886 obissent,
571 3807 621 3870 alii
646 3830 664 3871 e
688 3810 790 3890 patria
814 3810 1038 3889 emigrassent
1064 3809 1116 3870 alii
1141 3809 1256 3890 capitis
1282 3808 1440 3870 deminuti

211 3895 243 3958 in
267 3896 398 3958 exilium
423 3897 513 3959 missi
528 3906 645 3960 essent.
672 3897 785 3980 Atque
803 3897 1000 3960 Aristoteles
1011 3896 1034 3980 2)
1059 3898 1192 3978 quidem
1209 3905 1338 3977 praeter
1355 3896 1438 3971 illos

212 3985 266 4067 qui
283 3986 370 4067 apud
386 3995 520 4048 exteros
532 3986 736 4061 habitabant,
762 4007 818 4047 eos
835 3986 1027 4049 arbitrorum
1041 3985 1151 4049 officio
1163 3986 1253 4049 solos
1266 3994 1440 4067 exemptos

211 4094 285 4137 esse
310 4074 396 4149 dicit,
423 4076 475 4156 qui
500 4074 617 4137 eodem
640 4095 726 4137 anno
751 4077 939 4156 magistratu
962 4074 1188 4157 fungebantur,
1225 4074 1342 4137 Suidas
1366 4095 1391 4140 s
1409 4098 1437 4136 v.

257 4337 276 4403 ¹)
295 4340 335 4390 Sic
356 4358 377 4392 v.
399 4341 557 4390 Herwerden
577 4348 603 4391 et
622 4344 750 4391 Leeuwen
769 4343 793 4390 in
813 4341 924 4391 editione
949 4341 994 4390 Ar.
1014 4338 1067 4393 'Ah
1085 4339 1142 4391 τισί.
1162 4343 1228 4390 hunc
1255 4342 1340 4391 locum
1359 4341 1441 4389 inter·

215 4420 355 4475 pretantur.

219 4549 226 4567 ‚
256 4479 279 4602 2)
300 4483 345 4532 Ar.
365 4498 420 4547 cap.
442 4483 475 4532 53
498 4479 513 4547 ξ
532 4484 556 4534 b.
575 4479 642 4547 πλὴν
661 4479 708 4532 ἐὰν
727 4481 790 4547 τύχῃ
806 4480 891 4548 ἀρχὴν
910 4481 1001 4547 ἄρχων
1020 4480 1078 4532 τινὰ
1096 4481 1124 4532 ἕν
1142 4481 1235 4546 ἐκείνῳ
1246 4489 1282 4546 τῷ
1301 4480 1439 4546 ε’νιαυτῷῆ

211 4569 262 4601 ατο
279 4570 364 4616 ημων.
