3330 5234
706 549 924 612 ..13-

205 727 379 803 videretur,
406 723 567 788 Heraldus
590 723 728 787 coniecit
751 721 926 802 legendum
958 741 1049 784 esse:
1080 719 1161 803 ἦσαν
1192 721 1253 784 δὀἱ
1283 722 1435 805 διαιτηταὶ

205 816 458 895 τεσσαράκοντα,
493 813 643 893 τέσσαρες
676 811 753 874 καθ’
783 812 918 894 ἑκάστην
953 811 1068 894 φυλήν.
1114 809 1295 873 Heraldum
1330 811 1433 873 Hudt-

204 903 346 966 walcker
367 901 411 984 (p.
436 900 468 986 5)
503 901 690 963 dubitanter
712 909 844 962 secutus
868 908 929 964 est.
975 899 1077 962 Meier
1100 904 1146 980 (p.
1171 898 1203 984 9)
1226 900 1349 980 primus
1365 902 1432 962 ani·

206 993 389 1066 madvertit,
440 989 570 1072 Ulpiani
604 989 711 1052 locum
744 1009 810 1052 non
843 988 885 1050 ad
921 988 1063 1051 arbitros
1100 988 1161 1053 sed
1196 991 1238 1050 ad
1273 1009 1434 1070 pagorum

207 1082 331 1145 iudices
365 1081 544 1160 pertinere,
581 1079 635 1163 qui
671 1098 706 1141 re
741 1098 817 1140 vera
851 1077 1067 1160 quadraginta
1101 1086 1208 1153 erant,
1246 1078 1436 1160 quaternie

210 1171 324 1233 decern
348 1169 506 1231 tribubus.

253 1259 348 1320 Nova
378 1258 501 1320 interea
534 1255 706 1319 difficultas
737 1256 908 1317 exstiterat
938 1255 1148 1336 inscriptione
1180 1254 1232 1317 illa
1259 1276 1277 1317 a
1314 1255 1435 1319 Rossio

210 1347 333 1430 edita1),
358 1366 441 1428 quae
465 1346 597 1408 nomina
620 1353 751 1408 centum
775 1352 929 1427 quattuor
959 1343 1151 1406 arbitrorum
1176 1344 1345 1408 archontis
1368 1346 1436 1408 An·

209 1435 292 1499 ticlis
327 1455 412 1498 anno
422 1433 449 1518 2)
485 1454 615 1498 munere
650 1431 835 1498 iunctorum
871 1435 1025 1496 continet.
1074 1434 1128 1496 Ex
1161 1432 1296 1496 articulo
1327 1443 1436 1495 autem

208 1524 473 1610 praescriptionis
506 1524 656 1606 διαιτηταὶ
680 1525 712 1586 οῖ
750 1524 802 1586 ἐπὶ
826 1523 1018 1592 Ἀντικλέους
1042 1524 1197 1604 ἄρχοντος
1220 1542 1334 1585 omnes
1357 1523 1438 1586 arbi·

208 1623 276 1677 tros
299 1614 381 1678 illius
405 1613 480 1675 anni
503 1614 688 1675 nominatos
713 1631 787 1673 esse
800 1611 995 1695 intellegitur
1003 1611 1036 1698 ³).
1062 1612 1162 1674 Erant
1185 1612 1282 1691 igitur
1306 1620 1438 1675 centum

210 1711 365 1785 quattuor
395 1701 505 1764 arbitri
537 1709 679 1764 exeunte
702 1699 843 1763 Anticlis
877 1721 980 1778 anno;
1017 1709 1097 1784 quot
1120 1701 1211 1763 initio
1245 1701 1327 1764 illius
1363 1702 1440 1763 anni¹

210 1792 339 1867 fuerint,
363 1792 439 1854 inde
464 1790 572 1872 colligi
595 1810 662 1853 non
680 1799 808 1871 potest.
856 1789 938 1870 Quis
973 1793 1058 1853 enim
1083 1799 1151 1866 est,
1188 1790 1242 1872 qui
1278 1798 1437 1865 numeret,

215 1889 296 1963 quot
320 1881 437 1944 eodem
470 1900 556 1943 anno
587 1898 675 1941 mors
709 1878 952 1961 absumpserit?
988 1878 1056 1942 Sed
1090 1879 1142 1940 hic
1177 1899 1329 1942 numerus
1353 1878 1440 1960 (CIV

214 1969 421 2053 arbitrorum)
446 1989 465 2030 a
489 1969 607 2031 ceteris
631 1967 879 2031 Atheniensium
916 1968 1062 2049 collegiis
1097 1968 1181 2030 adeo
1205 1968 1370 2049 abhorret,
1405 1977 1440 2030 ut

213 2058 318 2121 Meier
340 2056 384 2143 (p.
409 2054 442 2144 9)
465 2057 601 2138 singulis
635 2058 727 2119 annis
761 2077 930 2120 numerum
965 2058 1088 2120 varium
1120 2057 1221 2120 fuisse
1253 2058 1438 2122 coniecerit.

213 2148 250 2211 ld
273 2146 412 2226 Hubert,
437 2148 498 2211 etsi
523 2167 620 2209 unum
645 2145 785 2209 Anticlis
816 2166 934 2209 annum
968 2148 1091 2211 incerta
1115 2146 1156 2208 de
1181 2167 1282 2210 causa
1305 2148 1447 2230 excipit,

213 2237 287 2298 ideo
311 2244 418 2317 negat,
445 2235 536 2317 quod
559 2235 671 2297 arbitri
697 2234 869 2316 collegium
893 2234 1027 2320 erant⁴).
1045 2236 1223 2298 Numerum
1248 2245 1356 2298 autem
1381 2239 1442 2298 sin·

212 2325 295 2406 gulis
318 2325 411 2387 annis
435 2333 525 2388 certe
548 2325 688 2386 eundem
711 2324 808 2387 fuisse
833 2333 964 2400 censet,
998 2325 1025 2386 si
1049 2324 1223 2406 collegium
1248 2325 1441 2386 arbitrorum

212 2411 316 2478 fuerit.
364 2411 458 2494 Quae
482 2415 722 2494 argumentatio
754 2434 773 2475 a
796 2414 1044 2494 magistratuum
1069 2412 1214 2493 collegiis
1238 2412 1281 2475 ad
1304 2414 1443 2476 arbitros

212 2503 371 2567 translata
395 2522 460 2565 non
484 2503 528 2564 ita
543 2502 678 2565 multum
694 2502 790 2569 valet.
826 2501 955 2565 Hubert
977 2504 1047 2584 ipsc
1063 2503 1222 2565 Meierum
1239 2522 1340 2583 saepe
1363 2504 1443 2566 vitu-

214 2601 318 2674 perat,
343 2593 433 2674 quod
457 2591 597 2664 arbitros
622 2612 696 2654 cum
720 2591 963 2672 magistratibus
987 2592 1234 2673 comparaverit.
1271 2592 1440 2672 Proprium

215 2690 248 2744 et
272 2682 434 2761 singulare
469 2680 663 2743 arbitrorum
696 2700 812 2743 munus
847 2689 914 2759 est,
953 2680 1058 2761 ipsum
1090 2681 1188 2760 igitur
1219 2701 1278 2761 per
1302 2700 1337 2744 se
1361 2702 1442 2745 con·

214 2771 418 2850 templemur.

260 2857 374 2940 Atque
398 2879 437 2921 ea
461 2859 605 2941 quidem,
631 2877 715 2941 quae
739 2859 849 2940 Bergk
858 2857 882 2940 ⁵)
907 2857 948 2920 de
972 2858 1165 2921 arbitrorum
1182 2878 1318 2921 numero
1335 2861 1442 2922 conie-

216 2957 316 3022 cerat,
341 2947 470 3010 Hubert
492 2949 537 3030 (p.
563 2948 604 3009 25
629 2945 691 3034 sq.)
714 2949 792 3011 satis
810 2947 985 3028 redarguit.
1022 2948 1109 3010 Num
1132 2966 1209 3010 vero
1234 2958 1322 3012 recte
1345 2969 1442 3030 nega·

215 3039 297 3100 verit
327 3033 503 3122 titulumss),
535 3057 601 3118 quo
632 3036 684 3100 ille
714 3036 870 3118 imprimis
905 3037 994 3099 nisus
1018 3045 1084 3114 est,
1121 3036 1165 3098 ad
1199 3036 1338 3101 arbitros
1372 3058 1443 3120 per-

215 3127 317 3190 tinere
353 3124 478 3192 dubito.
524 3125 650 3189 Kohler
685 3126 817 3208 quidem
842 3126 973 3206 Bergkii
1007 3128 1237 3200 coniecturam,
1274 3129 1327 3207 qui
1352 3148 1442 3208 prae·

217 3215 426 3295 scriptionem
452 3261 591 3284 .....
630 3213 709 3276 ΤΑΙ
735 3215 767 3276 in
791 3213 1037 3277 ΔΙΑΙΤΗΤΑΙ
1062 3214 1282 3295 suppleverat,
1316 3219 1451 3298 accepit.

216 3312 251 3367 et
275 3303 316 3372 O.
333 3301 551 3383 Landwehrl)
575 3323 650 3367 eum
672 3312 805 3365 secutus
829 3311 890 3373 est.
923 3302 1006 3366 Casu
1030 3323 1104 3366 mea
1127 3303 1260 3385 quidem
1285 3309 1444 3373 sententia

217 3393 345 3471 accidit,
371 3401 406 3455 ut
428 3395 524 3455 trium
556 3391 608 3454 vel
632 3400 783 3475 quattuor
817 3392 958 3455 tribuum
982 3392 1121 3455 totidem
1152 3391 1261 3454 arbitri
1285 3410 1397 3464 essent
1406 3404 1444 3486 ὅ),

218 3481 304 3544 Nam
327 3483 359 3544 in
381 3480 437 3546 illo
460 3500 591 3564 quoque
613 3480 706 3545 titulo
723 3481 877 3544 aRossio
901 3480 1000 3558 edito,
1025 3480 1079 3562 qui
1094 3482 1279 3562 catalogum
1308 3505 1438 3560 centum

262 3691 286 3800 Ξ)
304 3695 406 3744 nemen
425 3661 449 3746 ν’.
469 3695 554 3745 num
572 3711 599 3761 p.
619 3694 666 3752 20;
686 3695 718 3745 c,
736 3695 756 3745 1.
775 3696 807 3744 A.
826 3695 862 3756 11,
883 3695 905 3744 2.
925 3711 951 3760 p.
973 3695 1033 3774 aso.

264 3761 509 3902 ’igiJJHub'ethi
529 3785 572 3890 34.
590 3837 632 3888 26.
658 3837 740 3900 Bergk
764 3835 869 3903 (Rhein.
887 3838 954 3888 Mus.
974 3836 1077 3903 V11.p.
1097 3833 1176 3902 132l3
1196 3837 1303 3886 articulo
1324 3837 1445 3900 neglecto

219 3909 319 3972 negavit
347 3923 435 3957 omnes
462 3907 573 3958 arbitros
590 3908 634 3957 illa
664 3908 829 3972 inscriptione
848 3907 980 3968 contineri,
999 3907 1070 3973 quod
1087 3906 1211 3970 Goodell,
1230 3910 1287 3958 Am.
1308 3909 1399 3972 Journ.
1419 3908 1450 3957 of

218 3977 354 4083 Phipology
372 3979 432 4041 XII,
451 3979 467 4028 3
486 3996 510 4044 p.
521 3977 608 4060 '320s1
631 3980 738 4043 repetit,
756 3981 828 4044 quasi
847 3979 910 4028 nihil
928 3978 962 4030 de
981 3993 1012 4027 ea
1030 3995 1057 4027 re
1075 3978 1173 4061 inferes
1192 3978 1314 4066 scriptum
1333 3979 1372 4030 sit.
1392 4046 1399 4064 ⁹

220 4048 608 4205 alffil‘ftlaltltll
626 4049 941 4186 tatii-attia·
958 4045 1456 4186 itscautellam.

220 4207 349 4328 ‘mliii'
364 4261 457 4327 Bergk,
476 4263 505 4317 z.
524 4262 540 4313 r.
560 4263 584 4315 a.
605 4265 638 4315 n.
658 4264 699 4316 w.
722 4263 798 4325 1849,
816 4279 842 4328 p.
862 4262 920 4313 269.
940 4263 1031 4316 Rhein.
1052 4265 1117 4315 Mus.
1138 4264 1199 4316 vn.
1218 4280 1244 4329 p.
1267 4262 1317 4314 130
1335 4279 1373 4329 sq.

264 4333 287 4398 ⁶)
307 4332 336 4382 C.
357 4334 377 4382 1.
398 4332 442 4383 Gr.
462 4333 485 4397 1,
507 4334 564 4385 172.
602 4333 631 4385 C.
650 4333 672 4385 1.
691 4335 724 4385 A.
745 4335 781 4396 11,
800 4335 825 4396 2,
843 4350 868 4399 p.
888 4335 947 4386 359.

268 4400 290 4470 1)
309 4403 493 4455 Wochenschr.
513 4405 529 4456 l.
549 4405 583 4455 kl.
603 4406 693 4455 Philol.
712 4406 762 4466 111,
779 4422 805 4471 p.
824 4403 930 4472 521s22.

267 4473 297 4542 ³)
315 4473 474 4541 Quamquam
493 4491 524 4524 ea
551 4492 592 4524 res
612 4477 694 4526 minus
713 4485 785 4526 certa
810 4485 861 4540 est,
887 4492 960 4541 quom
989 4477 1073 4540 Bergk
1092 4484 1174 4541 putat.
1212 4477 1281 4528 Nam
1309 4494 1361 4528 non
1387 4479 1456 4540 plus.

222 4560 298 4610 quom
317 4548 425 4596 duarum
445 4547 552 4596 tribuum
570 4548 673 4596 tabulae
692 4549 817 4613 integrae,
836 4555 938 4598 ceterae
957 4548 981 4596 in
1001 4547 1051 4597 fine
1070 4549 1199 4599 mutilatae
1220 4562 1287 4599 sont.
