3330 5234
694 479 912 543 ..31-

182 661 418 726 Polemarchus
441 679 517 737 nou,
549 667 584 722 ut
609 678 678 720 rem
703 667 885 738 acceperat,
918 658 987 720 sine
1019 673 1111 720 mora
1141 675 1214 719 eam
1245 666 1334 720 sorte
1359 677 1420 737 pa-

182 769 304 833 gorum
328 747 489 812 iudicibus
514 747 649 811 alicuius
673 747 776 810 tribus
800 745 929 810 tradere
952 745 1089 825 solebat,
1115 746 1174 808 sed
1198 765 1263 828 quo
1287 747 1422 826 aequior

182 849 277 904 esset
300 838 443 919 partiti0,
466 837 573 900 donec
596 836 787 917 complures
810 854 928 898 causae
958 833 1058 918 (certe
1083 833 1200 898 decem
1224 833 1276 895 vel
1301 833 1421 922 plures)

187 928 439 1005 cumularentur,
474 924 703 1007 exspectabat.
730 925 796 988 Eas
827 925 859 986 in
893 923 1008 986 decem
1040 931 1152 1004 partes
1183 923 1300 986 divisas
1332 933 1421 988 sorte

186 1019 273 1080 inter
289 1007 466 1097 quaternos
483 1033 646 1096 pagorum
662 1014 786 1076 iudices
804 1013 1030 1093 dispertiebat,
1048 1013 1102 1093 qui
1119 1031 1234 1074 causas
1250 1014 1422 1077 mandatas

189 1125 256 1170 non
280 1106 343 1186 ipsi
366 1102 586 1178 instruebant,
619 1103 679 1164 sed
710 1103 839 1165 arbitris
872 1109 961 1164 sorte
983 1101 1168 1166 tradebant.
1201 1101 1274 1164 Hac
1298 1101 1423 1167 ratione

184 1195 308 1259 iudicia
331 1191 426 1255 nimis
450 1193 616 1254 retardata
640 1211 714 1254 esse
739 1193 900 1256 crederes.
933 1189 1001 1253 Sed
1025 1190 1173 1252 celeriter
1196 1199 1276 1270 puto
1300 1190 1423 1253 factum

189 1285 274 1361 csse,
299 1289 333 1343 ut
358 1281 476 1345 decern
500 1299 621 1344 causae
645 1281 733 1362 apud
758 1279 1005 1360 polemarchum
1022 1279 1243 1355 convenirent,
1266 1279 1324 1341 nisi
1341 1279 1424 1344 forte

185 1370 336 1452 singulos
362 1370 433 1433 dies
454 1389 674 1433 numeramus
700 1367 796 1433 Sorte
820 1379 928 1431 autem
952 1388 1035 1450 opus
1053 1376 1132 1447 erat,
1157 1369 1246 1458 quod
1263 1371 1425 1451 peregrini

193 1461 335 1525 tribuum
352 1479 418 1521 non
436 1467 528 1520 erant
546 1458 733 1540 participes.
758 1458 843 1520 Nam
860 1457 976 1520 civium
993 1476 1110 1519 causas
1125 1475 1285 1537 pagorum
1302 1458 1426 1521 iudices

187 1553 262 1614 »eius
284 1547 390 1611 tn‘bus
413 1545 631 1627 accipiebant,
656 1549 745 1609 cuius
769 1567 842 1610 reus
867 1555 945 1609 erat.
972 1545 1065 1608 Idem
1081 1554 1150 1609 tum
1166 1556 1329 1609 servatum
1353 1567 1427 1611 esse

194 1636 367 1704 verisimile
385 1643 445 1710 est,
463 1635 489 1697 si
507 1635 588 1697 alter
604 1635 797 1716 litigantium
814 1635 1017 1717 peregrinus
1034 1655 1108 1698 reus
1125 1636 1203 1698 civis
1220 1645 1298 1714 erat,
1317 1656 1427 1717 quam·

189 1745 293 1814 quam
306 1724 504 1787 Aristoteles
520 1723 586 1786 hoc
608 1726 778 1804 praeterit.
802 1722 868 1786 Sed
891 1723 979 1786 haud
1003 1725 1072 1786 scio
1088 1744 1129 1786 an
1145 1724 1218 1805 plus
1233 1727 1428 1790 sumendum

196 1819 247 1881 sit.
272 1817 430 1878 Fortasse
468 1814 566 1877 etiam
600 1815 626 1874 is
650 1815 852 1898 peregrinus,
884 1815 939 1893 qui
961 1834 981 1874 a
1004 1815 1073 1875 cive
1096 1813 1322 1892 accusabatur,
1353 1824 1429 1878 ante

197 1905 318 1971 tribum
342 1901 455 1984 civis1)
478 1901 667 1977 vocabatur,
705 1905 815 1978 itaut,
856 1903 917 1965 nisi
947 1909 1082 1982 uterque
1113 1902 1308 1983 litigantium
1340 1923 1429 1985 pere·

190 1993 308 2076 ggrinus
333 2000 413 2068 erat,
437 1990 539 2052 tribus
563 1990 703 2054 iudicum
728 2011 793 2053 non
816 2000 904 2053 sorte
929 1990 1034 2055 electa
1057 1990 1108 2054 sit.

243 2080 310 2144 Sed
333 2081 508 2142 redeamus
541 2080 584 2141 ad
615 2080 756 2142 virorum
781 2081 953 2142 doctorum
985 2081 1160 2142 sententias
1184 2083 1429 2150 examinandas.

194 2171 348 2252 Quorum
374 2169 435 2232 etsi
459 2168 645 2248 complures
669 2170 842 2250 repudiata
864 2167 1110 2232 Hudtwalckeri
1146 2171 1306 2233 sententia
1330 2190 1429 2252 nega-

198 2267 325 2334 verunt,
357 2257 537 2338 peregrinis
569 2259 657 2338 apud
690 2260 847 2320 arbitrum
878 2266 1003 2319 certare
1026 2256 1165 2337 licuisse,
1197 2266 1306 2320 tamen
1330 2260 1431 2323 Meier

193 2349 245 2431 (p.
275 2346 324 2432 19)
355 2355 387 2409 et
419 2344 639 2432 Schomannt)
673 2356 763 2409 recto
788 2366 884 2409 sensu
917 2345 1004 2407 ducti
1035 2347 1068 2408 id
1099 2357 1350 2426 concesserunt,
1383 2351 1431 2412 eis

195 2438 317 2513 causis,
341 2437 373 2497 in
398 2434 516 2516 quibus
548 2435 626 2497 civis
650 2435 856 2516 peregrinum
880 2434 1067 2514 accusabat,
1099 2445 1136 2498 ut
1159 2435 1210 2498 ille
1233 2439 1433 2517 πρυτανείοις

203 2524 398 2602 liberaretur,
434 2523 519 2585 viam
551 2523 592 2584 ad
624 2525 765 2587 arbitros
796 2524 951 2604 patuisse.
984 2521 1052 2587 Sed
1084 2523 1149 2586 hoc
1181 2545 1339 2588 concesso
1362 2536 1433 2590 tota

206 2613 363 2675 sententia
385 2609 581 2674 labefactata
612 2621 682 2676 erat
713 2621 747 2676 et
777 2613 906 2675 Hubert
931 2613 1127 2695 nequiquam
1158 2625 1231 2678 'eam
1264 2617 1434 2678 restituere

206 2710 341 2764 conatus
372 2710 432 2764 est.
467 2699 577 2781 Quam
608 2702 820 2783 pertinaciam
852 2721 1061 2784 summopere
1092 2703 1199 2770 miror.
1240 2704 1324 2764 Nam
1349 2725 1434 2784 quae

199 2789 322 2853 ‚Suidas
337 2810 362 2856 S.
379 2811 409 2858 v.
427 2790 583 2875 διαιτητάς
599 2799 632 2853 et
651 2791 705 2852 lex
725 2789 824 2872 Segu.
841 2812 874 2872 p.
892 2789 966 2871 310,
986 2791 1023 2853 17
1039 2792 1206 2870 exhibent,
1224 2811 1322 2854 sensu
1337 2794 1435 2874 plane
1529 2817 1530 2820 ¹

207 2886 327 2956 carent,
352 2879 385 2940 id
410 2879 585 2959 quodiam
609 2879 844 2942 Hudtwalcker
860 2878 903 2961 (p.
918 2877 1032 2967 lustr)
1056 2890 1144 2944 recte
1168 2882 1436 2969 animadvertit3).

201 2968 274 3033 Sed
298 2968 398 3030 verba
421 2968 492 3048 ipsa
519 2969 805 3048 grammaticorum
834 2969 949 3032 afferre
974 2988 1095 3049 operae
1115 2970 1253 3053 pretium
1278 2980 1339 3037 est.

251 3055 369 3118 Suidas
388 3056 408 3118 l.
430 3076 457 3123 c.
469 3056 544 3125 τοὺς
556 3053 637 3138 ὑπὲρ
651 3061 845 3142 πεντήκοντα
866 3060 917 3143 ἔτη
931 3058 1097 3139 γεγονότας
1109 3095 1149 3104 -
1163 3059 1200 3122 τὰ
1216 3066 1281 3122 τῶν
1297 3061 1438 3124 πολιτῶν

207 3146 328 3209 διαιτᾶν
355 3145 496 3207 ἐποίουν.
530 3146 630 3220 ξένοις
644 3147 751 3229 μέντοι
769 3171 802 3227 γε
825 3148 877 3210 ἐπὶ
901 3153 993 3211 τοῦτο
1018 3147 1122 3210 ἐλθεῖν
1146 3149 1184 3212 οὐ
1212 3151 1440 3232 συγκεχώρητθ

200 3231 351 3322 Ι(τούτους
367 3233 405 3294 ci.
431 3233 730 3314 Hemsterhuysius,
754 3236 885 3299 Hubert
908 3233 951 3322 (p.
966 3234 1020 3320 35)
1043 3257 1198 3300 assensus
1215 3236 1284 3324 est).

252 3323 334 3384 Lex.
363 3320 463 3401 Segu.
488 3322 507 3387 l.
525 3342 554 3389 c.
572 3325 603 3386 οἱ
625 3325 776 3408 διαιτηταὶ
800 3331 907 3388 πᾶσαν
937 3325 1029 3408 δίκην
1061 3325 1244 3404 δικάζουσιν
1268 3328 1351 3411 πλὴν
1374 3332 1440 3390 τῶν

201 3417 352 3489 ξενικῶν.
1040 3417 1046 3424 ’

252 3499 299 3564 cf.
324 3500 480 3562 adversus
503 3500 585 3561 haec
609 3500 668 3563 Ar.
680 3501 749 3566 ’Aa
766 3505 839 3566 πολ.
866 3501 1211 3579 58,3=P011.V111,
1235 3504 1288 3572 91.
1312 3504 1440 3567 Aristo-

199 3588 279 3652 telis
303 3588 378 3651 loco
403 3597 594 3668 comparato
619 3592 691 3670 quis
716 3591 852 3672 dubitet,
879 3612 977 3673 quem
994 3592 1168 3674 sequatur?
1191 3593 1350 3656 Attamen
1374 3613 1440 3656 non

206 3679 355 3759 ineptum
380 3685 432 3740 est
454 3697 628 3758 quaerere,
653 3680 769 3761 quibus
793 3681 834 3743 de
858 3681 964 3744 causis
987 3682 1186 3762 grammatici
1208 3690 1276 3745 tam
1300 3683 1397 3763 longe
1421 3704 1441 3746 a

206 3785 289 3827 vero
313 3766 541 3831 aberraverint.
901 3787 902 3790 ’

256 3852 309 3914 Ac
332 3855 469 3933 primum
495 3855 637 3936 quidem,
671 3858 761 3937 quod
787 3858 927 3920 Huberti
952 3879 1114 3922 summum
1138 3867 1365 3940 argumentum
1390 3868 1441 3922 est

203 3941 255 4029 «lp.
280 3939 344 4026 35),
371 3945 458 4023 apud
482 3954 629 4006 oratores
653 3945 740 4008 nulla
764 3967 863 4009 causa
886 3951 1035 4028 occurrit,
1060 3949 1114 4010 ubi
1138 3952 1327 4029 peregrinus
1351 3949 1441 4028 apud

210 4031 367 4094 arbitrum
391 4036 572 4102 certaverit.
597 4033 690 4096 Idem
713 4032 852 4098 fortasse
872 4045 1000 4098 veteres
1023 4037 1329 4102 animadverterunt.
1354 4039 1440 4100 Nam

206 4121 274 4184 etsi
298 4120 406 4201 plures
430 4124 594 4186 orationes
618 4143 716 4204 quam
741 4145 801 4187 nos
817 4124 1010 4205 habuerunt,
1034 4135 1143 4188 tamen
1159 4147 1312 4189 numerus
1329 4145 1441 4192 eorum

250 4347 274 4416 1)
291 4351 307 4402 i.
327 4368 350 4404 e.
369 4367 495 4418 pagorum
513 4353 608 4405 iudices
627 4356 687 4405 civis
706 4355 782 4408 tribui
801 4356 952 4407 destinatos.

249 4417 272 4485 2)
290 4423 442 4487 Philologus
462 4425 483 4485 I,
501 4441 526 4490 p.
549 4425 606 4475 729.

249 4489 329 4614 ὗὲῖῑὲῖε
348 4494 462 4616 cIlripsilus6
471 4497 571 4560 quidem
590 4497 630 4546 his
649 4497 799 4549 testimoniis
828 4501 932 4549 multum
952 4501 1108 4550 auctoritatis
1127 4501 1221 4550 tribuit.
1241 4503 1274 4553 D.
1294 4508 1337 4551 att.
1357 4499 1442 4550 Ριοο.2

207 4577 240 4629 ,12¹
331 4581 347 4614 a
367 4582 390 4614 n.
429 4567 470 4615 I.
