<?xml version="1.0" encoding="UTF-8"?>
<!DOCTYPE html PUBLIC "-//W3C//DTD XHTML 1.0 Transitional//EN"
    "http://www.w3.org/TR/xhtml1/DTD/xhtml1-transitional.dtd">
<html xmlns="http://www.w3.org/1999/xhtml" xml:lang="en" lang="en">
 <head>
  <title>
</title>
<meta http-equiv="Content-Type" content="text/html;charset=utf-8" />
  <meta name='ocr-system' content='tesseract 3.04.00' />
  <meta name='ocr-capabilities' content='ocr_page ocr_carea ocr_par ocr_line ocrx_word'/>
</head>
<body>
  <div class='ocr_page' id='page_1' title='image "./dearbitrisathen01piscgoog_0030.png"; bbox 0 0 3330 5234; ppageno 0'>
   <div class='ocr_carea' id='block_1_1' title="bbox 699 547 921 610">
    <p class='ocr_par' dir='ltr' id='par_1_1' title="bbox 699 547 921 610">
     <span class='ocr_line' id='line_1_1' title="bbox 699 547 921 610; baseline 0.005 -15"><span class='ocrx_word' id='word_1_1' title='bbox 699 547 921 610; x_wconf 79' lang='lat'>..25-</span> 
     </span>
    </p>
   </div>
   <div class='ocr_carea' id='block_1_2' title="bbox 188 724 1423 1344">
    <p class='ocr_par' dir='ltr' id='par_1_2' title="bbox 191 724 1421 883">
     <span class='ocr_line' id='line_1_2' title="bbox 191 724 1421 808; baseline -0.003 -18"><span class='ocrx_word' id='word_1_2' title='bbox 191 737 343 791; x_wconf 86' lang='lat' dir='ltr'>carentes</span> <span class='ocrx_word' id='word_1_3' title='bbox 368 735 402 789; x_wconf 92' lang='lat' dir='ltr'>et</span> <span class='ocrx_word' id='word_1_4' title='bbox 426 735 578 788; x_wconf 89' lang='lat' dir='ltr'>corruunt</span> <span class='ocrx_word' id='word_1_5' title='bbox 600 745 674 788; x_wconf 90' lang='lat' dir='ltr'>cum</span> <span class='ocrx_word' id='word_1_6' title='bbox 699 726 754 800; x_wconf 65' lang='grc' dir='ltr'>εἰς,</span> <span class='ocrx_word' id='word_1_7' title='bbox 788 744 872 808; x_wconf 84' lang='lat' dir='ltr'>quae</span> <span class='ocrx_word' id='word_1_8' title='bbox 895 724 937 788; x_wconf 92' lang='lat' dir='ltr'>de</span> <span class='ocrx_word' id='word_1_9' title='bbox 960 745 1096 789; x_wconf 90' lang='lat' dir='ltr'>numero</span> <span class='ocrx_word' id='word_1_10' title='bbox 1121 734 1154 788; x_wconf 92' lang='lat' dir='ltr'>et</span> <span class='ocrx_word' id='word_1_11' title='bbox 1177 725 1348 789; x_wconf 91' lang='lat' dir='ltr'>sortitione</span> <span class='ocrx_word' id='word_1_12' title='bbox 1371 746 1421 787; x_wconf 86' lang='lat' dir='ltr'>ar·</span> 
     </span>
     <span class='ocr_line' id='line_1_3' title="bbox 191 813 892 883; baseline -0.003 -4"><span class='ocrx_word' id='word_1_13' title='bbox 191 817 351 880; x_wconf 89' lang='lat' dir='ltr'>bitrorum</span> <span class='ocrx_word' id='word_1_14' title='bbox 375 815 555 878; x_wconf 91' lang='lat' dir='ltr'>secundum</span> <span class='ocrx_word' id='word_1_15' title='bbox 578 815 681 877; x_wconf 90' lang='lat' dir='ltr'>tribus</span> <span class='ocrx_word' id='word_1_16' title='bbox 705 814 765 878; x_wconf 88' lang='lat' dir='ltr'>sibi</span> <span class='ocrx_word' id='word_1_17' title='bbox 788 813 892 883; x_wconf 89' lang='lat' dir='ltr'>finxit.</span> 
     </span>
    </p>

    <p class='ocr_par' dir='ltr' id='par_1_3' title="bbox 188 901 1423 1344">
     <span class='ocr_line' id='line_1_4' title="bbox 239 901 1420 988; baseline 0 -22"><span class='ocrx_word' id='word_1_18' title='bbox 239 903 328 986; x_wconf 85' lang='lat' dir='ltr'>Quid</span> <span class='ocrx_word' id='word_1_19' title='bbox 351 913 460 967; x_wconf 89' lang='lat' dir='ltr'>autem</span> <span class='ocrx_word' id='word_1_20' title='bbox 486 904 605 979; x_wconf 88' lang='lat' dir='ltr'>obstat,</span> <span class='ocrx_word' id='word_1_21' title='bbox 637 903 811 986; x_wconf 89' lang='lat' dir='ltr'>quominus</span> <span class='ocrx_word' id='word_1_22' title='bbox 834 911 868 967; x_wconf 90' lang='lat' dir='ltr'>et</span> <span class='ocrx_word' id='word_1_23' title='bbox 891 901 1044 988; x_wconf 83' lang='lat' dir='ltr'>Ulpiano,</span> <span class='ocrx_word' id='word_1_24' title='bbox 1076 903 1165 984; x_wconf 91' lang='lat' dir='ltr'>quod</span> <span class='ocrx_word' id='word_1_25' title='bbox 1196 923 1339 984; x_wconf 89' lang='lat' dir='ltr'>aequum</span> <span class='ocrx_word' id='word_1_26' title='bbox 1361 912 1420 978; x_wconf 86' lang='lat' dir='ltr'>est,</span> 
     </span>
     <span class='ocr_line' id='line_1_5' title="bbox 188 991 1422 1073; baseline -0.002 -16"><span class='ocrx_word' id='word_1_27' title='bbox 188 991 396 1058; x_wconf 75' lang='lat' dir='ltr'>tribuamus?</span> <span class='ocrx_word' id='word_1_28' title='bbox 427 992 526 1055; x_wconf 91' lang='lat' dir='ltr'>Falso</span> <span class='ocrx_word' id='word_1_29' title='bbox 557 992 609 1054; x_wconf 93' lang='lat' dir='ltr'>ille</span> <span class='ocrx_word' id='word_1_30' title='bbox 641 992 774 1073; x_wconf 90' lang='lat' dir='ltr'>quidem</span> <span class='ocrx_word' id='word_1_31' title='bbox 799 992 1035 1055; x_wconf 85' lang='lat' dir='ltr'>Demosthenis</span> <span class='ocrx_word' id='word_1_32' title='bbox 1065 992 1165 1054; x_wconf 89' lang='lat' dir='ltr'>verba</span> <span class='ocrx_word' id='word_1_33' title='bbox 1196 992 1239 1054; x_wconf 90' lang='lat' dir='ltr'>ad</span> <span class='ocrx_word' id='word_1_34' title='bbox 1262 991 1422 1071; x_wconf 89' lang='lat' dir='ltr'>euthynas</span> 
     </span>
     <span class='ocr_line' id='line_1_6' title="bbox 192 1079 1422 1168; baseline -0.002 -22"><span class='ocrx_word' id='word_1_35' title='bbox 192 1083 302 1158; x_wconf 83' lang='lat' dir='ltr'><strong>refert,</strong></span> <span class='ocrx_word' id='word_1_36' title='bbox 327 1083 387 1146; x_wconf 90' lang='lat' dir='ltr'>sed</span> <span class='ocrx_word' id='word_1_37' title='bbox 411 1101 494 1162; x_wconf 92' lang='lat' dir='ltr'>quae</span> <span class='ocrx_word' id='word_1_38' title='bbox 517 1090 628 1145; x_wconf 89' lang='lat' dir='ltr'>cetera</span> <span class='ocrx_word' id='word_1_39' title='bbox 650 1081 748 1144; x_wconf 87' lang='lat' dir='ltr'>tradit</span> <span class='ocrx_word' id='word_1_40' title='bbox 764 1081 805 1144; x_wconf 93' lang='lat' dir='ltr'>de</span> <span class='ocrx_word' id='word_1_41' title='bbox 825 1101 865 1144; x_wconf 93' lang='lat' dir='ltr'>eo</span> <span class='ocrx_word' id='word_1_42' title='bbox 890 1100 1002 1144; x_wconf 88' lang='lat' dir='ltr'>mense</span> <span class='ocrx_word' id='word_1_43' title='bbox 1012 1079 1045 1168; x_wconf 84' lang='lat' dir='ltr'>l),</span> <span class='ocrx_word' id='word_1_44' title='bbox 1070 1101 1137 1162; x_wconf 93' lang='lat' dir='ltr'>quo</span> <span class='ocrx_word' id='word_1_45' title='bbox 1160 1081 1268 1144; x_wconf 86' lang='lat' dir='ltr'>arbitri</span> <span class='ocrx_word' id='word_1_46' title='bbox 1292 1081 1422 1161; x_wconf 90' lang='lat' dir='ltr'>saepius</span> 
     </span>
     <span class='ocr_line' id='line_1_7' title="bbox 188 1169 1423 1251; baseline -0.002 -17"><span class='ocrx_word' id='word_1_47' title='bbox 188 1171 367 1234; x_wconf 87' lang='lat' dir='ltr'>convenire</span> <span class='ocrx_word' id='word_1_48' title='bbox 379 1170 545 1233; x_wconf 87' lang='lat' dir='ltr'>debebant</span> <span class='ocrx_word' id='word_1_49' title='bbox 551 1179 585 1234; x_wconf 89' lang='lat' dir='ltr'>et</span> <span class='ocrx_word' id='word_1_50' title='bbox 597 1171 742 1233; x_wconf 89' lang='lat' dir='ltr'>accusari</span> <span class='ocrx_word' id='word_1_51' title='bbox 751 1178 912 1251; x_wconf 81' lang='lat' dir='ltr'>poterant,</span> <span class='ocrx_word' id='word_1_52' title='bbox 925 1169 991 1232; x_wconf 88' lang='lat' dir='ltr'>fide</span> <span class='ocrx_word' id='word_1_53' title='bbox 1002 1169 1081 1233; x_wconf 92' lang='lat' dir='ltr'>mihi</span> <span class='ocrx_word' id='word_1_54' title='bbox 1093 1190 1159 1232; x_wconf 89' lang='lat' dir='ltr'>non</span> <span class='ocrx_word' id='word_1_55' title='bbox 1171 1170 1303 1251; x_wconf 88' lang='lat' dir='ltr'>indigna</span> <span class='ocrx_word' id='word_1_56' title='bbox 1313 1170 1423 1234; x_wconf 91' lang='lat' dir='ltr'>viden·</span> 
     </span>
     <span class='ocr_line' id='line_1_8' title="bbox 188 1256 1423 1344; baseline -0.002 -20"><span class='ocrx_word' id='word_1_57' title='bbox 188 1270 255 1331; x_wconf 90' lang='lat' dir='ltr'>tur.</span> <span class='ocrx_word' id='word_1_58' title='bbox 278 1258 402 1324; x_wconf 89' lang='lat' dir='ltr'>Ultimo</span> <span class='ocrx_word' id='word_1_59' title='bbox 415 1259 501 1323; x_wconf 89' lang='lat' dir='ltr'>enim</span> <span class='ocrx_word' id='word_1_60' title='bbox 513 1279 627 1324; x_wconf 91' lang='lat' dir='ltr'>mense</span> <span class='ocrx_word' id='word_1_61' title='bbox 639 1256 915 1344; x_wconf 79' lang='lat' dir='ltr'>(Scirophorione)</span> <span class='ocrx_word' id='word_1_62' title='bbox 927 1261 1072 1322; x_wconf 90' lang='lat' dir='ltr'>actiones</span> <span class='ocrx_word' id='word_1_63' title='bbox 1081 1259 1209 1322; x_wconf 89' lang='lat' dir='ltr'>arbitris</span> <span class='ocrx_word' id='word_1_64' title='bbox 1219 1259 1423 1322; x_wconf 88' lang='lat' dir='ltr'>mandandae</span> 
     </span>
    </p>
   </div>
   <div class='ocr_carea' id='block_1_3' title="bbox 83 1346 1449 1433">
    <p class='ocr_par' dir='ltr' id='par_1_4' title="bbox 83 1346 1449 1433">
     <span class='ocr_line' id='line_1_9' title="bbox 83 1346 1449 1433; baseline 0 -21"><span class='ocrx_word' id='word_1_65' title='bbox 83 1354 86 1360; x_wconf 89' lang='lat'>&#39;</span> <span class='ocrx_word' id='word_1_66' title='bbox 189 1349 334 1413; x_wconf 82' lang='lat' dir='ltr'>fortasse</span> <span class='ocrx_word' id='word_1_67' title='bbox 354 1369 420 1412; x_wconf 90' lang='lat' dir='ltr'>non</span> <span class='ocrx_word' id='word_1_68' title='bbox 432 1356 584 1430; x_wconf 89' lang='lat' dir='ltr'>poterant</span> <span class='ocrx_word' id='word_1_69' title='bbox 598 1347 746 1433; x_wconf 74' lang='lat' dir='ltr'>institui²l</span> <span class='ocrx_word' id='word_1_70' title='bbox 768 1348 820 1412; x_wconf 91' lang='lat' dir='ltr'>vel</span> <span class='ocrx_word' id='word_1_71' title='bbox 832 1350 859 1411; x_wconf 90' lang='lat' dir='ltr'>si</span> <span class='ocrx_word' id='word_1_72' title='bbox 876 1348 1132 1427; x_wconf 71' lang='lat' dir='ltr'>instituebantur,</span> <span class='ocrx_word' id='word_1_73' title='bbox 1158 1347 1246 1428; x_wconf 90' lang='lat' dir='ltr'>apud</span> <span class='ocrx_word' id='word_1_74' title='bbox 1258 1347 1319 1410; x_wconf 92' lang='lat' dir='ltr'>XL</span> <span class='ocrx_word' id='word_1_75' title='bbox 1335 1349 1423 1412; x_wconf 87' lang='lat' dir='ltr'>viros</span> <span class='ocrx_word' id='word_1_76' title='bbox 1445 1346 1449 1354; x_wconf 82' lang='grc'><em>’</em></span> 
     </span>
    </p>
   </div>
   <div class='ocr_carea' id='block_1_4' title="bbox 188 1435 1432 3920">
    <p class='ocr_par' dir='ltr' id='par_1_5' title="bbox 188 1435 1425 2410">
     <span class='ocr_line' id='line_1_10' title="bbox 191 1435 1423 1518; baseline -0.002 -17"><span class='ocrx_word' id='word_1_77' title='bbox 191 1438 380 1515; x_wconf 90' lang='lat' dir='ltr'>manebant,</span> <span class='ocrx_word' id='word_1_78' title='bbox 403 1437 509 1500; x_wconf 90' lang='lat' dir='ltr'>donec</span> <span class='ocrx_word' id='word_1_79' title='bbox 521 1437 631 1500; x_wconf 90' lang='lat' dir='ltr'>arbitri</span> <span class='ocrx_word' id='word_1_80' title='bbox 652 1437 853 1518; x_wconf 90' lang='lat' dir='ltr'>insequentis</span> <span class='ocrx_word' id='word_1_81' title='bbox 867 1437 941 1499; x_wconf 92' lang='lat' dir='ltr'>anni</span> <span class='ocrx_word' id='word_1_82' title='bbox 961 1457 1078 1500; x_wconf 92' lang='lat' dir='ltr'>munus</span> <span class='ocrx_word' id='word_1_83' title='bbox 1089 1437 1345 1518; x_wconf 87' lang='lat' dir='ltr'>ingrederentur.</span> <span class='ocrx_word' id='word_1_84' title='bbox 1370 1435 1423 1500; x_wconf 95' lang='lat' dir='ltr'>Sic</span> 
     </span>
     <span class='ocr_line' id='line_1_11' title="bbox 188 1526 1423 1606; baseline -0.002 -16"><span class='ocrx_word' id='word_1_85' title='bbox 188 1527 322 1590; x_wconf 88' lang='lat' dir='ltr'>arbitris</span> <span class='ocrx_word' id='word_1_86' title='bbox 337 1527 452 1590; x_wconf 92' lang='lat' dir='ltr'>ultimo</span> <span class='ocrx_word' id='word_1_87' title='bbox 468 1546 580 1588; x_wconf 90' lang='lat' dir='ltr'>mense</span> <span class='ocrx_word' id='word_1_88' title='bbox 593 1527 734 1606; x_wconf 89' lang='lat' dir='ltr'>spatium</span> <span class='ocrx_word' id='word_1_89' title='bbox 745 1526 856 1588; x_wconf 90' lang='lat' dir='ltr'>datum</span> <span class='ocrx_word' id='word_1_90' title='bbox 870 1535 948 1604; x_wconf 90' lang='lat' dir='ltr'>erat,</span> <span class='ocrx_word' id='word_1_91' title='bbox 965 1535 1001 1589; x_wconf 93' lang='lat' dir='ltr'>ut</span> <span class='ocrx_word' id='word_1_92' title='bbox 1012 1546 1128 1589; x_wconf 92' lang='lat' dir='ltr'>causas</span> <span class='ocrx_word' id='word_1_93' title='bbox 1140 1533 1238 1588; x_wconf 87' lang='lat' dir='ltr'>antea</span> <span class='ocrx_word' id='word_1_94' title='bbox 1253 1535 1423 1606; x_wconf 89' lang='lat' dir='ltr'>susceptas</span> 
     </span>
     <span class='ocr_line' id='line_1_12' title="bbox 188 1610 1423 1700; baseline -0.003 -21"><span class='ocrx_word' id='word_1_95' title='bbox 188 1617 239 1680; x_wconf 84' lang='lat' dir='ltr'>ad</span> <span class='ocrx_word' id='word_1_96' title='bbox 262 1616 361 1679; x_wconf 87' lang='lat' dir='ltr'>finem</span> <span class='ocrx_word' id='word_1_97' title='bbox 378 1616 603 1697; x_wconf 86' lang='lat' dir='ltr'>perducerent,</span> <span class='ocrx_word' id='word_1_98' title='bbox 623 1633 664 1676; x_wconf 90' lang='lat' dir='ltr'>ne</span> <span class='ocrx_word' id='word_1_99' title='bbox 683 1614 763 1697; x_wconf 94' lang='lat' dir='ltr'>quid</span> <span class='ocrx_word' id='word_1_100' title='bbox 785 1616 817 1677; x_wconf 85' lang='lat' dir='ltr'>in</span> <span class='ocrx_word' id='word_1_101' title='bbox 834 1616 1020 1696; x_wconf 89' lang='lat' dir='ltr'>proximum</span> <span class='ocrx_word' id='word_1_102' title='bbox 1036 1635 1155 1678; x_wconf 87' lang='lat' dir='ltr'>annum</span> <span class='ocrx_word' id='word_1_103' title='bbox 1171 1610 1423 1700; x_wconf 68' lang='lat' dir='ltr'>transferretur³J</span> 
     </span>
     <span class='ocr_line' id='line_1_13' title="bbox 196 1702 1423 1785; baseline -0.002 -17"><span class='ocrx_word' id='word_1_104' title='bbox 196 1715 230 1768; x_wconf 91' lang='lat' dir='ltr'>et</span> <span class='ocrx_word' id='word_1_105' title='bbox 253 1705 497 1768; x_wconf 87' lang='lat' dir='ltr'>accusatoribus</span> <span class='ocrx_word' id='word_1_106' title='bbox 520 1704 651 1767; x_wconf 88' lang='lat' dir='ltr'>occasio</span> <span class='ocrx_word' id='word_1_107' title='bbox 676 1702 786 1766; x_wconf 87' lang='lat' dir='ltr'>oblata</span> <span class='ocrx_word' id='word_1_108' title='bbox 809 1713 879 1767; x_wconf 91' lang='lat' dir='ltr'>erat</span> <span class='ocrx_word' id='word_1_109' title='bbox 902 1704 1050 1785; x_wconf 89' lang='lat' dir='ltr'>quemvis</span> <span class='ocrx_word' id='word_1_110' title='bbox 1073 1704 1230 1767; x_wconf 87' lang='lat' dir='ltr'>arbitrum</span> <span class='ocrx_word' id='word_1_111' title='bbox 1253 1703 1286 1764; x_wconf 93' lang='lat' dir='ltr'>in</span> <span class='ocrx_word' id='word_1_112' title='bbox 1306 1703 1354 1766; x_wconf 92' lang='lat' dir='ltr'>ius</span> <span class='ocrx_word' id='word_1_113' title='bbox 1369 1723 1423 1765; x_wconf 90' lang='lat' dir='ltr'>vo·</span> 
     </span>
     <span class='ocr_line' id='line_1_14' title="bbox 188 1791 1424 1873; baseline -0.002 -16"><span class='ocrx_word' id='word_1_114' title='bbox 188 1795 301 1858; x_wconf 82' lang='lat' dir='ltr'>candi.</span> <span class='ocrx_word' id='word_1_115' title='bbox 348 1793 386 1856; x_wconf 94' lang='lat' dir='ltr'>Id</span> <span class='ocrx_word' id='word_1_116' title='bbox 419 1794 451 1855; x_wconf 91' lang='lat' dir='ltr'>in</span> <span class='ocrx_word' id='word_1_117' title='bbox 482 1793 689 1856; x_wconf 88' lang='lat' dir='ltr'>consessibus</span> <span class='ocrx_word' id='word_1_118' title='bbox 719 1794 819 1855; x_wconf 89' lang='lat' dir='ltr'>totius</span> <span class='ocrx_word' id='word_1_119' title='bbox 849 1793 1041 1856; x_wconf 88' lang='lat' dir='ltr'>arbitrorum</span> <span class='ocrx_word' id='word_1_120' title='bbox 1073 1793 1203 1873; x_wconf 91' lang='lat' dir='ltr'>collegii</span> <span class='ocrx_word' id='word_1_121' title='bbox 1226 1791 1336 1869; x_wconf 88' lang='lat' dir='ltr'>fiebat,</span> <span class='ocrx_word' id='word_1_122' title='bbox 1369 1794 1424 1873; x_wconf 91' lang='lat' dir='ltr'>qui</span> 
     </span>
     <span class='ocr_line' id='line_1_15' title="bbox 195 1881 1424 1963; baseline -0.001 -18"><span class='ocrx_word' id='word_1_123' title='bbox 195 1903 308 1947; x_wconf 90' lang='lat' dir='ltr'>mense</span> <span class='ocrx_word' id='word_1_124' title='bbox 333 1882 530 1945; x_wconf 90' lang='lat' dir='ltr'>duodecimo</span> <span class='ocrx_word' id='word_1_125' title='bbox 554 1890 642 1944; x_wconf 86' lang='lat' dir='ltr'>certe</span> <span class='ocrx_word' id='word_1_126' title='bbox 667 1883 797 1962; x_wconf 89' lang='lat' dir='ltr'>saepius</span> <span class='ocrx_word' id='word_1_127' title='bbox 821 1901 918 1963; x_wconf 92' lang='lat' dir='ltr'>quam</span> <span class='ocrx_word' id='word_1_128' title='bbox 942 1892 1039 1946; x_wconf 90' lang='lat' dir='ltr'>antea</span> <span class='ocrx_word' id='word_1_129' title='bbox 1061 1881 1275 1946; x_wconf 89' lang='lat' dir='ltr'>habebantur.</span> <span class='ocrx_word' id='word_1_130' title='bbox 1323 1881 1424 1944; x_wconf 88' lang='lat' dir='ltr'>Ante·</span> 
     </span>
     <span class='ocr_line' id='line_1_16' title="bbox 188 1967 1425 2055; baseline -0.002 -21"><span class='ocrx_word' id='word_1_131' title='bbox 188 1972 391 2037; x_wconf 85' lang='lat' dir='ltr'>cedentibus</span> <span class='ocrx_word' id='word_1_132' title='bbox 406 1970 570 2034; x_wconf 89' lang='lat' dir='ltr'>mensibus</span> <span class='ocrx_word' id='word_1_133' title='bbox 586 1971 731 2053; x_wconf 89' lang='lat' dir='ltr'>singulos</span> <span class='ocrx_word' id='word_1_134' title='bbox 740 1967 942 2055; x_wconf 76' lang='lat' dir='ltr'>consessus⁴)</span> <span class='ocrx_word' id='word_1_135' title='bbox 952 1971 1120 2033; x_wconf 83' lang='lat' dir='ltr'>suliecisse</span> <span class='ocrx_word' id='word_1_136' title='bbox 1136 1979 1227 2051; x_wconf 81' lang='lat' dir='ltr'>puto,</span> <span class='ocrx_word' id='word_1_137' title='bbox 1252 1969 1319 2034; x_wconf 86' lang='lat' dir='ltr'>Sed</span> <span class='ocrx_word' id='word_1_138' title='bbox 1335 1970 1425 2032; x_wconf 88' lang='lat' dir='ltr'>haud</span> 
     </span>
     <span class='ocr_line' id='line_1_17' title="bbox 190 2057 1424 2144; baseline 0 -21"><span class='ocrx_word' id='word_1_139' title='bbox 190 2061 266 2124; x_wconf 90' lang='lat' dir='ltr'>scio</span> <span class='ocrx_word' id='word_1_140' title='bbox 281 2081 322 2124; x_wconf 92' lang='lat' dir='ltr'>an</span> <span class='ocrx_word' id='word_1_141' title='bbox 339 2079 452 2124; x_wconf 90' lang='lat' dir='ltr'>mense</span> <span class='ocrx_word' id='word_1_142' title='bbox 472 2059 728 2141; x_wconf 91' lang='lat' dir='ltr'>Scirophorione</span> <span class='ocrx_word' id='word_1_143' title='bbox 751 2080 818 2123; x_wconf 92' lang='lat' dir='ltr'>non</span> <span class='ocrx_word' id='word_1_144' title='bbox 846 2060 993 2141; x_wconf 90' lang='lat' dir='ltr'>quotidie</span> <span class='ocrx_word' id='word_1_145' title='bbox 1019 2060 1191 2123; x_wconf 90' lang='lat' dir='ltr'>convenire</span> <span class='ocrx_word' id='word_1_146' title='bbox 1217 2057 1424 2144; x_wconf 63' lang='lat' dir='ltr'>debuerintll.</span> 
     </span>
     <span class='ocr_line' id='line_1_18' title="bbox 196 2147 1424 2230; baseline -0.002 -17"><span class='ocrx_word' id='word_1_147' title='bbox 196 2151 401 2214; x_wconf 86' lang='lat' dir='ltr'>Postremum</span> <span class='ocrx_word' id='word_1_148' title='bbox 425 2158 534 2212; x_wconf 89' lang='lat' dir='ltr'>autem</span> <span class='ocrx_word' id='word_1_149' title='bbox 558 2168 750 2212; x_wconf 89' lang='lat' dir='ltr'>consessum</span> <span class='ocrx_word' id='word_1_150' title='bbox 781 2149 894 2212; x_wconf 90' lang='lat' dir='ltr'>ultimo</span> <span class='ocrx_word' id='word_1_151' title='bbox 918 2149 971 2211; x_wconf 92' lang='lat' dir='ltr'>die</span> <span class='ocrx_word' id='word_1_152' title='bbox 1002 2149 1158 2230; x_wconf 91' lang='lat' dir='ltr'>cuiusque</span> <span class='ocrx_word' id='word_1_153' title='bbox 1181 2149 1256 2211; x_wconf 92' lang='lat' dir='ltr'>anni</span> <span class='ocrx_word' id='word_1_154' title='bbox 1279 2147 1424 2211; x_wconf 90' lang='lat' dir='ltr'>habitum</span> 
     </span>
     <span class='ocr_line' id='line_1_19' title="bbox 191 2237 1425 2312; baseline -0.002 -10"><span class='ocrx_word' id='word_1_155' title='bbox 191 2258 271 2303; x_wconf 88' lang='lat' dir='ltr'>esse</span> <span class='ocrx_word' id='word_1_156' title='bbox 294 2259 337 2303; x_wconf 85' lang='lat' dir='ltr'>ex</span> <span class='ocrx_word' id='word_1_157' title='bbox 359 2238 587 2302; x_wconf 90' lang='lat' dir='ltr'>Demosthene</span> <span class='ocrx_word' id='word_1_158' title='bbox 612 2237 817 2312; x_wconf 88' lang='lat' dir='ltr'>concludam,</span> <span class='ocrx_word' id='word_1_159' title='bbox 849 2238 895 2299; x_wconf 89' lang='lat' dir='ltr'>ita</span> <span class='ocrx_word' id='word_1_160' title='bbox 924 2247 959 2300; x_wconf 90' lang='lat' dir='ltr'>ut</span> <span class='ocrx_word' id='word_1_161' title='bbox 982 2237 1112 2300; x_wconf 92' lang='lat' dir='ltr'>ultimus</span> <span class='ocrx_word' id='word_1_162' title='bbox 1135 2238 1330 2300; x_wconf 88' lang='lat' dir='ltr'>arbitrorum</span> <span class='ocrx_word' id='word_1_163' title='bbox 1354 2237 1425 2300; x_wconf 90' lang='lat' dir='ltr'>dies</span> 
     </span>
     <span class='ocr_line' id='line_1_20' title="bbox 189 2326 1424 2410; baseline -0.001 -20"><span class='ocrx_word' id='word_1_164' title='bbox 189 2337 230 2390; x_wconf 89' lang='lat' dir='ltr'>-et</span> <span class='ocrx_word' id='word_1_165' title='bbox 242 2328 371 2390; x_wconf 92' lang='lat' dir='ltr'>ultimus</span> <span class='ocrx_word' id='word_1_166' title='bbox 387 2347 500 2392; x_wconf 90' lang='lat' dir='ltr'>eorum</span> <span class='ocrx_word' id='word_1_167' title='bbox 513 2347 687 2390; x_wconf 88' lang='lat' dir='ltr'>consessus</span> <span class='ocrx_word' id='word_1_168' title='bbox 706 2347 772 2389; x_wconf 90' lang='lat' dir='ltr'>uno</span> <span class='ocrx_word' id='word_1_169' title='bbox 787 2326 972 2410; x_wconf 89' lang='lat' dir='ltr'>eodemque</span> <span class='ocrx_word' id='word_1_170' title='bbox 983 2328 1085 2389; x_wconf 88' lang='lat' dir='ltr'>verbo</span> <span class='ocrx_word' id='word_1_171' title='bbox 1098 2327 1234 2406; x_wconf 88' lang='lat' dir='ltr'>exprimi</span> <span class='ocrx_word' id='word_1_172' title='bbox 1247 2326 1424 2406; x_wconf 89' lang='lat' dir='ltr'>potuerint.</span> 
     </span>
    </p>

    <p class='ocr_par' dir='ltr' id='par_1_6' title="bbox 192 2414 1427 2944">
     <span class='ocr_line' id='line_1_21' title="bbox 241 2414 1425 2480; baseline -0.001 -2"><span class='ocrx_word' id='word_1_173' title='bbox 241 2417 310 2480; x_wconf 92' lang='lat' dir='ltr'>Nec</span> <span class='ocrx_word' id='word_1_174' title='bbox 334 2437 399 2478; x_wconf 92' lang='lat' dir='ltr'>non</span> <span class='ocrx_word' id='word_1_175' title='bbox 423 2416 465 2479; x_wconf 95' lang='lat' dir='ltr'>de</span> <span class='ocrx_word' id='word_1_176' title='bbox 488 2416 611 2479; x_wconf 88' lang='lat' dir='ltr'>ratione</span> <span class='ocrx_word' id='word_1_177' title='bbox 634 2415 717 2478; x_wconf 91' lang='lat' dir='ltr'>illius</span> <span class='ocrx_word' id='word_1_178' title='bbox 740 2414 879 2478; x_wconf 86' lang='lat' dir='ltr'>actionis</span> <span class='ocrx_word' id='word_1_179' title='bbox 895 2414 1049 2478; x_wconf 90' lang='lat' dir='ltr'>nonnulla</span> <span class='ocrx_word' id='word_1_180' title='bbox 1064 2435 1083 2477; x_wconf 91' lang='lat' dir='ltr'>e</span> <span class='ocrx_word' id='word_1_181' title='bbox 1098 2415 1335 2478; x_wconf 91' lang='lat' dir='ltr'>Demosthenis</span> <span class='ocrx_word' id='word_1_182' title='bbox 1350 2414 1425 2477; x_wconf 92' lang='lat' dir='ltr'>loco</span> 
     </span>
     <span class='ocr_line' id='line_1_22' title="bbox 192 2503 1425 2585; baseline -0.003 -17"><span class='ocrx_word' id='word_1_183' title='bbox 192 2508 299 2569; x_wconf 89' lang='lat' dir='ltr'>citato</span> <span class='ocrx_word' id='word_1_184' title='bbox 315 2505 509 2568; x_wconf 86' lang='lat' dir='ltr'>concludere</span> <span class='ocrx_word' id='word_1_185' title='bbox 525 2504 610 2568; x_wconf 91' lang='lat' dir='ltr'>licet.</span> <span class='ocrx_word' id='word_1_186' title='bbox 629 2504 717 2567; x_wconf 92' lang='lat' dir='ltr'>Reus</span> <span class='ocrx_word' id='word_1_187' title='bbox 733 2503 824 2566; x_wconf 87' lang='lat' dir='ltr'>citari</span> <span class='ocrx_word' id='word_1_188' title='bbox 847 2524 912 2566; x_wconf 90' lang='lat' dir='ltr'>non</span> <span class='ocrx_word' id='word_1_189' title='bbox 931 2503 1052 2580; x_wconf 86' lang='lat' dir='ltr'>debuit,</span> <span class='ocrx_word' id='word_1_190' title='bbox 1070 2513 1103 2566; x_wconf 91' lang='lat' dir='ltr'>et</span> <span class='ocrx_word' id='word_1_191' title='bbox 1129 2504 1166 2581; x_wconf 88' lang='lat' dir='ltr'>is,</span> <span class='ocrx_word' id='word_1_192' title='bbox 1183 2505 1239 2585; x_wconf 93' lang='lat' dir='ltr'>qui</span> <span class='ocrx_word' id='word_1_193' title='bbox 1256 2503 1425 2566; x_wconf 90' lang='lat' dir='ltr'>consessui</span> 
     </span>
     <span class='ocr_line' id='line_1_23' title="bbox 199 2589 1425 2676; baseline -0.003 -19"><span class='ocrx_word' id='word_1_194' title='bbox 199 2594 426 2676; x_wconf 85' lang='lat' dir='ltr'>praesidebat,</span> <span class='ocrx_word' id='word_1_195' title='bbox 458 2595 579 2658; x_wconf 92' lang='lat' dir='ltr'>eodem</span> <span class='ocrx_word' id='word_1_196' title='bbox 612 2593 663 2656; x_wconf 91' lang='lat' dir='ltr'>die</span> <span class='ocrx_word' id='word_1_197' title='bbox 687 2593 832 2674; x_wconf 89' lang='lat' dir='ltr'>collegas</span> <span class='ocrx_word' id='word_1_198' title='bbox 865 2593 896 2654; x_wconf 92' lang='lat' dir='ltr'>in</span> <span class='ocrx_word' id='word_1_199' title='bbox 920 2593 1073 2674; x_wconf 83' lang='lat' dir='ltr'>suffragia</span> <span class='ocrx_word' id='word_1_200' title='bbox 1096 2593 1254 2660; x_wconf 89' lang='lat' dir='ltr'>mittebat.</span> <span class='ocrx_word' id='word_1_201' title='bbox 1302 2589 1425 2674; x_wconf 88' lang='lat' dir='ltr'>Capitis</span> 
     </span>
     <span class='ocr_line' id='line_1_24' title="bbox 192 2681 1425 2764; baseline -0.001 -19"><span class='ocrx_word' id='word_1_202' title='bbox 192 2684 377 2747; x_wconf 87' lang='lat' dir='ltr'>deminutio</span> <span class='ocrx_word' id='word_1_203' title='bbox 400 2703 508 2764; x_wconf 90' lang='lat' dir='ltr'>poena</span> <span class='ocrx_word' id='word_1_204' title='bbox 531 2690 609 2745; x_wconf 89' lang='lat' dir='ltr'>erat.</span> <span class='ocrx_word' id='word_1_205' title='bbox 636 2683 680 2747; x_wconf 91' lang='lat' dir='ltr'>Et</span> <span class='ocrx_word' id='word_1_206' title='bbox 703 2682 971 2763; x_wconf 89' lang='lat' dir='ltr'>provocationem</span> <span class='ocrx_word' id='word_1_207' title='bbox 995 2682 1036 2744; x_wconf 91' lang='lat' dir='ltr'>ad</span> <span class='ocrx_word' id='word_1_208' title='bbox 1059 2682 1186 2746; x_wconf 87' lang='lat' dir='ltr'>iudices</span> <span class='ocrx_word' id='word_1_209' title='bbox 1201 2681 1345 2762; x_wconf 88' lang='lat' dir='ltr'>patuisse</span> <span class='ocrx_word' id='word_1_210' title='bbox 1367 2681 1425 2744; x_wconf 93' lang='lat' dir='ltr'>viri</span> 
     </span>
     <span class='ocr_line' id='line_1_25' title="bbox 192 2770 1427 2857; baseline -0.004 -21"><span class='ocrx_word' id='word_1_211' title='bbox 192 2773 289 2836; x_wconf 87' lang='lat' dir='ltr'>-docti</span> <span class='ocrx_word' id='word_1_212' title='bbox 312 2773 529 2857; x_wconf 86' lang='lat' dir='ltr'>coniecerunt,</span> <span class='ocrx_word' id='word_1_213' title='bbox 546 2771 750 2838; x_wconf 80' lang='lat' dir='ltr'>Aristoteles</span> <span class='ocrx_word' id='word_1_214' title='bbox 774 2771 978 2851; x_wconf 81' lang='lat' dir='ltr'>comprobat.</span> <span class='ocrx_word' id='word_1_215' title='bbox 1012 2770 1078 2834; x_wconf 86' lang='lat' dir='ltr'>Sed</span> <span class='ocrx_word' id='word_1_216' title='bbox 1102 2771 1128 2832; x_wconf 94' lang='lat' dir='ltr'>si</span> <span class='ocrx_word' id='word_1_217' title='bbox 1153 2771 1332 2834; x_wconf 88' lang='lat' dir='ltr'>accuratius</span> <span class='ocrx_word' id='word_1_218' title='bbox 1357 2789 1427 2832; x_wconf 93' lang='lat' dir='ltr'>rem</span> 
     </span>
     <span class='ocr_line' id='line_1_26' title="bbox 192 2860 1045 2944; baseline 0 -22"><span class='ocrx_word' id='word_1_219' title='bbox 192 2862 387 2944; x_wconf 90' lang='lat' dir='ltr'>perspicias,</span> <span class='ocrx_word' id='word_1_220' title='bbox 413 2861 514 2923; x_wconf 89' lang='lat' dir='ltr'>multa</span> <span class='ocrx_word' id='word_1_221' title='bbox 537 2881 602 2923; x_wconf 91' lang='lat' dir='ltr'>non</span> <span class='ocrx_word' id='word_1_222' title='bbox 626 2862 705 2923; x_wconf 89' lang='lat' dir='ltr'>satis</span> <span class='ocrx_word' id='word_1_223' title='bbox 730 2860 869 2924; x_wconf 88' lang='lat' dir='ltr'>dilucida</span> <span class='ocrx_word' id='word_1_224' title='bbox 892 2861 1045 2934; x_wconf 70' lang='lat' dir='ltr'>invenies</span> 
     </span>
    </p>

    <p class='ocr_par' dir='ltr' id='par_1_7' title="bbox 193 2949 1432 3920">
     <span class='ocr_line' id='line_1_27' title="bbox 244 2949 1428 3031; baseline 0 -20"><span class='ocrx_word' id='word_1_225' title='bbox 244 2949 298 3011; x_wconf 89' lang='lat' dir='ltr'>Ac</span> <span class='ocrx_word' id='word_1_226' title='bbox 321 2949 568 3013; x_wconf 89' lang='lat' dir='ltr'>Demosthenes</span> <span class='ocrx_word' id='word_1_227' title='bbox 591 2949 726 3030; x_wconf 91' lang='lat' dir='ltr'>quidem</span> <span class='ocrx_word' id='word_1_228' title='bbox 750 2951 881 3031; x_wconf 89' lang='lat' dir='ltr'>saepius</span> <span class='ocrx_word' id='word_1_229' title='bbox 904 2950 1037 3011; x_wconf 87' lang='lat' dir='ltr'>Midiam</span> <span class='ocrx_word' id='word_1_230' title='bbox 1062 2951 1207 3029; x_wconf 91' lang='lat' dir='ltr'>increpat</span> <span class='ocrx_word' id='word_1_231' title='bbox 1223 2957 1255 3010; x_wconf 92' lang='lat' dir='ltr'>et</span> <span class='ocrx_word' id='word_1_232' title='bbox 1272 2950 1428 3011; x_wconf 88' lang='lat' dir='ltr'>acerrime</span> 
     </span>
     <span class='ocr_line' id='line_1_28' title="bbox 193 3037 1428 3119; baseline -0.002 -19"><span class='ocrx_word' id='word_1_233' title='bbox 193 3041 231 3101; x_wconf 92' lang='lat' dir='ltr'>in</span> <span class='ocrx_word' id='word_1_234' title='bbox 254 3057 328 3100; x_wconf 92' lang='lat' dir='ltr'>eum</span> <span class='ocrx_word' id='word_1_235' title='bbox 352 3039 520 3115; x_wconf 90' lang='lat' dir='ltr'>invehitur,</span> <span class='ocrx_word' id='word_1_236' title='bbox 545 3039 634 3119; x_wconf 90' lang='lat' dir='ltr'>quod</span> <span class='ocrx_word' id='word_1_237' title='bbox 652 3037 837 3101; x_wconf 89' lang='lat' dir='ltr'>Stratonem</span> <span class='ocrx_word' id='word_1_238' title='bbox 861 3037 989 3119; x_wconf 90' lang='lat' dir='ltr'>legibus</span> <span class='ocrx_word' id='word_1_239' title='bbox 1014 3039 1212 3118; x_wconf 90' lang='lat' dir='ltr'>contemptis</span> <span class='ocrx_word' id='word_1_240' title='bbox 1235 3039 1267 3098; x_wconf 90' lang='lat' dir='ltr'>in</span> <span class='ocrx_word' id='word_1_241' title='bbox 1290 3039 1339 3099; x_wconf 90' lang='lat' dir='ltr'>ius</span> <span class='ocrx_word' id='word_1_242' title='bbox 1363 3056 1428 3098; x_wconf 92' lang='lat' dir='ltr'>non</span> 
     </span>
     <span class='ocr_line' id='line_1_29' title="bbox 200 3125 1428 3208; baseline -0.002 -19"><span class='ocrx_word' id='word_1_243' title='bbox 200 3128 374 3192; x_wconf 91' lang='lat' dir='ltr'>vocaverit.</span> <span class='ocrx_word' id='word_1_244' title='bbox 401 3127 503 3208; x_wconf 85' lang='lat' dir='ltr'>Quod</span> <span class='ocrx_word' id='word_1_245' title='bbox 528 3127 694 3191; x_wconf 90' lang='lat' dir='ltr'>calliditati</span> <span class='ocrx_word' id='word_1_246' title='bbox 718 3129 854 3188; x_wconf 91' lang='lat' dir='ltr'>oratoris</span> <span class='ocrx_word' id='word_1_247' title='bbox 870 3129 977 3208; x_wconf 92' lang='lat' dir='ltr'>potius</span> <span class='ocrx_word' id='word_1_248' title='bbox 1002 3147 1100 3207; x_wconf 88' lang='lat' dir='ltr'>quam</span> <span class='ocrx_word' id='word_1_249' title='bbox 1117 3127 1183 3188; x_wconf 90' lang='lat' dir='ltr'>veri</span> <span class='ocrx_word' id='word_1_250' title='bbox 1200 3126 1308 3187; x_wconf 91' lang='lat' dir='ltr'>studio</span> <span class='ocrx_word' id='word_1_251' title='bbox 1331 3125 1428 3189; x_wconf 91' lang='lat' dir='ltr'>tribu·</span> 
     </span>
     <span class='ocr_line' id='line_1_30' title="bbox 196 3213 1428 3301; baseline -0.002 -23"><span class='ocrx_word' id='word_1_252' title='bbox 196 3217 321 3279; x_wconf 88' lang='lat' dir='ltr'>endum</span> <span class='ocrx_word' id='word_1_253' title='bbox 346 3237 419 3278; x_wconf 88' lang='lat' dir='ltr'>esse</span> <span class='ocrx_word' id='word_1_254' title='bbox 443 3218 671 3279; x_wconf 88' lang='lat' dir='ltr'>Westermann</span> <span class='ocrx_word' id='word_1_255' title='bbox 694 3215 932 3289; x_wconf 84' lang='lat' dir='ltr'>animadvertit,</span> <span class='ocrx_word' id='word_1_256' title='bbox 969 3215 1081 3296; x_wconf 86' lang='lat' dir='ltr'>Bergk</span> <span class='ocrx_word' id='word_1_257' title='bbox 1106 3214 1151 3296; x_wconf 91' lang='lat' dir='ltr'>(p.</span> <span class='ocrx_word' id='word_1_258' title='bbox 1179 3213 1263 3301; x_wconf 83' lang='grc'>276),</span> <span class='ocrx_word' id='word_1_259' title='bbox 1296 3215 1428 3294; x_wconf 89' lang='lat' dir='ltr'>Lipsius</span> 
     </span>
     <span class='ocr_line' id='line_1_31' title="bbox 194 3302 1429 3390; baseline -0.002 -23"><span class='ocrx_word' id='word_1_260' title='bbox 194 3304 259 3386; x_wconf 84' lang='lat' dir='ltr'>·(D.</span> <span class='ocrx_word' id='word_1_261' title='bbox 284 3313 340 3374; x_wconf 91' lang='lat' dir='ltr'>att.</span> <span class='ocrx_word' id='word_1_262' title='bbox 364 3304 480 3369; x_wconf 73' lang='lat' dir='ltr'>Proc.²</span> <span class='ocrx_word' id='word_1_263' title='bbox 513 3326 545 3386; x_wconf 89' lang='lat' dir='ltr'>p.</span> <span class='ocrx_word' id='word_1_264' title='bbox 571 3305 656 3390; x_wconf 72' lang='lat'>335),</span> <span class='ocrx_word' id='word_1_265' title='bbox 692 3305 819 3367; x_wconf 89' lang='lat' dir='ltr'>Hubert</span> <span class='ocrx_word' id='word_1_266' title='bbox 852 3303 897 3387; x_wconf 92' lang='lat' dir='ltr'>(p.</span> <span class='ocrx_word' id='word_1_267' title='bbox 924 3302 1014 3389; x_wconf 76' lang='grc'>54)5)</span> <span class='ocrx_word' id='word_1_268' title='bbox 1045 3304 1169 3366; x_wconf 89' lang='lat' dir='ltr'>assensi</span> <span class='ocrx_word' id='word_1_269' title='bbox 1200 3311 1282 3366; x_wconf 90' lang='lat' dir='ltr'>sunt.</span> <span class='ocrx_word' id='word_1_270' title='bbox 1321 3304 1429 3365; x_wconf 93' lang='lat' dir='ltr'>Docu-</span> 
     </span>
     <span class='ocr_line' id='line_1_32' title="bbox 202 3392 1429 3478; baseline -0.002 -21"><span class='ocrx_word' id='word_1_271' title='bbox 202 3402 314 3457; x_wconf 90' lang='lat' dir='ltr'>mento</span> <span class='ocrx_word' id='word_1_272' title='bbox 346 3395 429 3456; x_wconf 92' lang='lat' dir='ltr'>enim</span> <span class='ocrx_word' id='word_1_273' title='bbox 455 3403 516 3474; x_wconf 90' lang='lat' dir='ltr'>est,</span> <span class='ocrx_word' id='word_1_274' title='bbox 540 3394 631 3478; x_wconf 92' lang='lat' dir='ltr'>quod</span> <span class='ocrx_word' id='word_1_275' title='bbox 656 3392 766 3457; x_wconf 89' lang='lat' dir='ltr'>Strato</span> <span class='ocrx_word' id='word_1_276' title='bbox 791 3401 907 3474; x_wconf 91' lang='lat' dir='ltr'>postea</span> <span class='ocrx_word' id='word_1_277' title='bbox 938 3393 1023 3462; x_wconf 82' lang='lat' dir='ltr'>fecit.</span> <span class='ocrx_word' id='word_1_278' title='bbox 1048 3393 1180 3455; x_wconf 89' lang='lat' dir='ltr'>Minime</span> <span class='ocrx_word' id='word_1_279' title='bbox 1204 3411 1273 3454; x_wconf 90' lang='lat' dir='ltr'>rem</span> <span class='ocrx_word' id='word_1_280' title='bbox 1297 3393 1328 3454; x_wconf 92' lang='lat' dir='ltr'>in</span> <span class='ocrx_word' id='word_1_281' title='bbox 1352 3393 1429 3475; x_wconf 88' lang='lat' dir='ltr'>inte-</span> 
     </span>
     <span class='ocr_line' id='line_1_33' title="bbox 203 3481 1429 3567; baseline -0.001 -23"><span class='ocrx_word' id='word_1_282' title='bbox 203 3503 296 3563; x_wconf 87' lang='lat' dir='ltr'>grum</span> <span class='ocrx_word' id='word_1_283' title='bbox 321 3484 459 3547; x_wconf 89' lang='lat' dir='ltr'>restituit</span> <span class='ocrx_word' id='word_1_284' title='bbox 482 3483 539 3567; x_wconf 66' lang='lat' dir='ltr'>(uh</span> <span class='ocrx_word' id='word_1_285' title='bbox 557 3485 654 3567; x_wconf 79' lang='grc' dir='ltr'><em>οὔσης</em></span> <span class='ocrx_word' id='word_1_286' title='bbox 666 3481 821 3567; x_wconf 66' lang='grc' dir='ltr'>εεῒίοηεθ)</span> <span class='ocrx_word' id='word_1_287' title='bbox 843 3483 903 3545; x_wconf 92' lang='lat' dir='ltr'>sed</span> <span class='ocrx_word' id='word_1_288' title='bbox 919 3482 962 3543; x_wconf 93' lang='lat' dir='ltr'>ad</span> <span class='ocrx_word' id='word_1_289' title='bbox 978 3482 1101 3545; x_wconf 86' lang='lat' dir='ltr'>iudices</span> <span class='ocrx_word' id='word_1_290' title='bbox 1118 3482 1308 3562; x_wconf 85' lang='lat' dir='ltr'>provocavit</span> <span class='ocrx_word' id='word_1_291' title='bbox 1331 3490 1363 3542; x_wconf 93' lang='lat' dir='ltr'>et</span> <span class='ocrx_word' id='word_1_292' title='bbox 1386 3481 1429 3543; x_wconf 92' lang='lat' dir='ltr'>ab</span> 
     </span>
     <span class='ocr_line' id='line_1_34' title="bbox 194 3569 1430 3654; baseline -0.002 -20"><span class='ocrx_word' id='word_1_293' title='bbox 194 3575 239 3634; x_wconf 88' lang='lat' dir='ltr'>iis</span> <span class='ocrx_word' id='word_1_294' title='bbox 256 3573 494 3635; x_wconf 87' lang='lat' dir='ltr'>condemnatus</span> <span class='ocrx_word' id='word_1_295' title='bbox 521 3583 581 3648; x_wconf 85' lang='lat' dir='ltr'>est,</span> <span class='ocrx_word' id='word_1_296' title='bbox 606 3573 640 3634; x_wconf 91' lang='lat' dir='ltr'>id</span> <span class='ocrx_word' id='word_1_297' title='bbox 664 3573 755 3654; x_wconf 94' lang='lat' dir='ltr'>quod</span> <span class='ocrx_word' id='word_1_298' title='bbox 768 3571 904 3633; x_wconf 73' lang='lat' dir='ltr'>Frankel</span> <span class='ocrx_word' id='word_1_299' title='bbox 929 3592 947 3632; x_wconf 93' lang='lat' dir='ltr'>e</span> <span class='ocrx_word' id='word_1_300' title='bbox 969 3572 1076 3633; x_wconf 89' lang='lat' dir='ltr'>verbis</span> <span class='ocrx_word' id='word_1_301' title='bbox 1089 3569 1108 3654; x_wconf 56' lang='grc' dir='ltr'>ᾗ</span> <span class='ocrx_word' id='word_1_302' title='bbox 1120 3570 1160 3634; x_wconf 75' lang='grc'>91</span> <span class='ocrx_word' id='word_1_303' title='bbox 1179 3570 1233 3633; x_wconf 83' lang='grc' dir='ltr'>καὶ</span> <span class='ocrx_word' id='word_1_304' title='bbox 1256 3571 1346 3632; x_wconf 81' lang='grc' dir='ltr'>τοῦτ’</span> <span class='ocrx_word' id='word_1_305' title='bbox 1360 3570 1430 3650; x_wconf 86' lang='grc' dir='ltr'><strong><em>ε’χα-</em></strong></span> 
     </span>
     <span class='ocr_line' id='line_1_35' title="bbox 198 3659 1432 3743; baseline -0.004 -19"><span class='ocrx_word' id='word_1_306' title='bbox 198 3661 338 3742; x_wconf 68' lang='grc' dir='ltr'><em>,ρίσασθε</em></span> <span class='ocrx_word' id='word_1_307' title='bbox 370 3661 459 3743; x_wconf 76' lang='grc' dir='ltr'><strong><em>αὐτῷ</em></strong></span> <span class='ocrx_word' id='word_1_308' title='bbox 492 3669 581 3725; x_wconf 91' lang='lat' dir='ltr'>recte</span> <span class='ocrx_word' id='word_1_309' title='bbox 615 3661 781 3724; x_wconf 88' lang='lat' dir='ltr'>conclusit.</span> <span class='ocrx_word' id='word_1_310' title='bbox 829 3659 896 3722; x_wconf 91' lang='lat' dir='ltr'>Sed</span> <span class='ocrx_word' id='word_1_311' title='bbox 920 3660 972 3724; x_wconf 86' lang='lat' dir='ltr'>Fr.</span> <span class='ocrx_word' id='word_1_312' title='bbox 995 3660 1089 3722; x_wconf 89' lang='lat' dir='ltr'>Blass</span> <span class='ocrx_word' id='word_1_313' title='bbox 1124 3660 1188 3721; x_wconf 92' lang='lat' dir='ltr'>hoc</span> <span class='ocrx_word' id='word_1_314' title='bbox 1218 3659 1294 3721; x_wconf 91' lang='lat' dir='ltr'>loco</span> <span class='ocrx_word' id='word_1_315' title='bbox 1324 3659 1432 3738; x_wconf 88' lang='lat' dir='ltr'>legeu-</span> 
     </span>
     <span class='ocr_line' id='line_1_36' title="bbox 206 3745 1432 3831; baseline -0.002 -21"><span class='ocrx_word' id='word_1_316' title='bbox 206 3749 283 3813; x_wconf 94' lang='lat' dir='ltr'>dum</span> <span class='ocrx_word' id='word_1_317' title='bbox 315 3770 388 3814; x_wconf 90' lang='lat' dir='ltr'>esse</span> <span class='ocrx_word' id='word_1_318' title='bbox 420 3751 575 3813; x_wconf 87' lang='lat' dir='ltr'>coniecit:</span> <span class='ocrx_word' id='word_1_319' title='bbox 607 3750 661 3813; x_wconf 84' lang='grc' dir='ltr'>καὶ</span> <span class='ocrx_word' id='word_1_320' title='bbox 692 3755 765 3813; x_wconf 77' lang='grc' dir='ltr'><em>τοῦτ</em></span> <span class='ocrx_word' id='word_1_321' title='bbox 782 3750 788 3778; x_wconf 89' lang='grc'><em>’</em></span> <span class='ocrx_word' id='word_1_322' title='bbox 805 3745 975 3831; x_wconf 74' lang='grc' dir='ltr'><strong><em>ἕχαρὶσαθ’</em></strong></span> <span class='ocrx_word' id='word_1_323' title='bbox 1002 3751 1115 3830; x_wconf 77' lang='grc' dir='ltr'><strong><em>αὐτῷ,</em></strong></span> <span class='ocrx_word' id='word_1_324' title='bbox 1149 3769 1212 3831; x_wconf 91' lang='lat' dir='ltr'>qua</span> <span class='ocrx_word' id='word_1_325' title='bbox 1244 3749 1432 3809; x_wconf 90' lang='lat' dir='ltr'>coniectura</span> 
     </span>
     <span class='ocr_line' id='line_1_37' title="bbox 198 3839 1431 3920; baseline -0.002 -22"><span class='ocrx_word' id='word_1_326' title='bbox 198 3858 320 3902; x_wconf 87' lang='lat' dir='ltr'>sensus</span> <span class='ocrx_word' id='word_1_327' title='bbox 343 3840 438 3920; x_wconf 92' lang='lat' dir='ltr'>plane</span> <span class='ocrx_word' id='word_1_328' title='bbox 462 3848 611 3903; x_wconf 90' lang='lat' dir='ltr'>mutatur.</span> <span class='ocrx_word' id='word_1_329' title='bbox 636 3839 710 3919; x_wconf 86' lang='lat' dir='ltr'>Ego</span> <span class='ocrx_word' id='word_1_330' title='bbox 735 3839 866 3920; x_wconf 91' lang='lat' dir='ltr'>quidem</span> <span class='ocrx_word' id='word_1_331' title='bbox 890 3839 967 3902; x_wconf 92' lang='lat' dir='ltr'>mihi</span> <span class='ocrx_word' id='word_1_332' title='bbox 983 3839 1181 3919; x_wconf 88' lang='lat' dir='ltr'>persuadere</span> <span class='ocrx_word' id='word_1_333' title='bbox 1206 3857 1272 3900; x_wconf 91' lang='lat' dir='ltr'>non</span> <span class='ocrx_word' id='word_1_334' title='bbox 1295 3855 1431 3917; x_wconf 90' lang='lat' dir='ltr'>possum</span> 
     </span>
    </p>
   </div>
   <div class='ocr_carea' id='block_1_5' title="bbox 206 4051 1432 4617">
    <p class='ocr_par' dir='ltr' id='par_1_8' title="bbox 243 4051 1051 4118">
     <span class='ocr_line' id='line_1_38' title="bbox 243 4051 1051 4118; baseline 0 -17"><span class='ocrx_word' id='word_1_335' title='bbox 243 4051 261 4116; x_wconf 91' lang='lat'>¹)</span> <span class='ocrx_word' id='word_1_336' title='bbox 280 4054 356 4103; x_wconf 80' lang='lat' dir='ltr'>Falso</span> <span class='ocrx_word' id='word_1_337' title='bbox 376 4053 598 4118; x_wconf 89' lang='lat' dir='ltr'>Scirophorionem</span> <span class='ocrx_word' id='word_1_338' title='bbox 619 4052 781 4102; x_wconf 88' lang='lat' dir='ltr'>undecimum</span> <span class='ocrx_word' id='word_1_339' title='bbox 802 4067 912 4100; x_wconf 86' lang='lat' dir='ltr'>mensem</span> <span class='ocrx_word' id='word_1_340' title='bbox 931 4053 1051 4101; x_wconf 91' lang='lat' dir='ltr'>nominat.</span> 
     </span>
    </p>

    <p class='ocr_par' dir='ltr' id='par_1_9' title="bbox 206 4121 1430 4261">
     <span class='ocr_line' id='line_1_39' title="bbox 240 4121 1430 4189; baseline -0.007 -13"><span class='ocrx_word' id='word_1_341' title='bbox 240 4121 261 4180; x_wconf 67' lang='grc'>2)</span> <span class='ocrx_word' id='word_1_342' title='bbox 284 4127 379 4176; x_wconf 86' lang='lat' dir='ltr'>Causas</span> <span class='ocrx_word' id='word_1_343' title='bbox 398 4124 564 4175; x_wconf 86' lang='lat' dir='ltr'>hereditarias</span> <span class='ocrx_word' id='word_1_344' title='bbox 583 4124 684 4189; x_wconf 89' lang='lat' dir='ltr'>quidem</span> <span class='ocrx_word' id='word_1_345' title='bbox 698 4139 782 4171; x_wconf 89' lang='lat' dir='ltr'>meuse</span> <span class='ocrx_word' id='word_1_346' title='bbox 796 4123 995 4188; x_wconf 86' lang='lat' dir='ltr'>Scirophorione</span> <span class='ocrx_word' id='word_1_347' title='bbox 1015 4125 1047 4172; x_wconf 81' lang='lat' dir='ltr'>ad</span> <span class='ocrx_word' id='word_1_348' title='bbox 1067 4122 1239 4186; x_wconf 89' lang='lat' dir='ltr'>magistratum</span> <span class='ocrx_word' id='word_1_349' title='bbox 1258 4122 1360 4171; x_wconf 81' lang='lat' dir='ltr'>deferre</span> <span class='ocrx_word' id='word_1_350' title='bbox 1381 4137 1430 4169; x_wconf 88' lang='lat' dir='ltr'>nou</span> 
     </span>
     <span class='ocr_line' id='line_1_40' title="bbox 206 4193 711 4261; baseline 0.006 -18"><span class='ocrx_word' id='word_1_351' title='bbox 206 4196 307 4246; x_wconf 85' lang='lat' dir='ltr'>licebat.</span> <span class='ocrx_word' id='word_1_352' title='bbox 327 4197 367 4246; x_wconf 77' lang='lat' dir='ltr'>cf.</span> <span class='ocrx_word' id='word_1_353' title='bbox 385 4197 419 4245; x_wconf 92' lang='lat' dir='ltr'>D.</span> <span class='ocrx_word' id='word_1_354' title='bbox 439 4206 482 4245; x_wconf 85' lang='lat' dir='ltr'>att.</span> <span class='ocrx_word' id='word_1_355' title='bbox 503 4193 593 4245; x_wconf 73' lang='grc' dir='ltr'>Ρι·οο.2</span> <span class='ocrx_word' id='word_1_356' title='bbox 612 4213 637 4261; x_wconf 91' lang='lat' dir='ltr'>p.</span> <span class='ocrx_word' id='word_1_357' title='bbox 652 4196 711 4247; x_wconf 75' lang='lat'>607.</span> 
     </span>
    </p>

    <p class='ocr_par' dir='ltr' id='par_1_10' title="bbox 242 4263 858 4331">
     <span class='ocr_line' id='line_1_41' title="bbox 242 4263 858 4331; baseline -0.005 -14"><span class='ocrx_word' id='word_1_358' title='bbox 242 4263 263 4331; x_wconf 72' lang='grc'>8)</span> <span class='ocrx_word' id='word_1_359' title='bbox 283 4267 324 4320; x_wconf 82' lang='lat' dir='ltr'>cf.</span> <span class='ocrx_word' id='word_1_360' title='bbox 338 4266 431 4329; x_wconf 85' lang='lat' dir='ltr'>Bergk,</span> <span class='ocrx_word' id='word_1_361' title='bbox 450 4269 477 4317; x_wconf 94' lang='lat' dir='ltr'>Z.</span> <span class='ocrx_word' id='word_1_362' title='bbox 491 4267 509 4317; x_wconf 82' lang='lat' dir='ltr'>f.</span> <span class='ocrx_word' id='word_1_363' title='bbox 522 4269 548 4316; x_wconf 88' lang='lat' dir='ltr'>d.</span> <span class='ocrx_word' id='word_1_364' title='bbox 558 4269 592 4320; x_wconf 83' lang='lat' dir='ltr'>A.</span> <span class='ocrx_word' id='word_1_365' title='bbox 605 4269 646 4316; x_wconf 90' lang='lat' dir='ltr'>W.</span> <span class='ocrx_word' id='word_1_366' title='bbox 664 4266 739 4327; x_wconf 75' lang='lat'>1849,</span> <span class='ocrx_word' id='word_1_367' title='bbox 758 4283 784 4330; x_wconf 90' lang='lat' dir='ltr'>p.</span> <span class='ocrx_word' id='word_1_368' title='bbox 799 4266 858 4315; x_wconf 89' lang='grc'>277.</span> 
     </span>
    </p>

    <p class='ocr_par' dir='ltr' id='par_1_11' title="bbox 206 4334 1432 4459">
     <span class='ocr_line' id='line_1_42' title="bbox 240 4334 1432 4405; baseline -0.003 -17"><span class='ocrx_word' id='word_1_369' title='bbox 240 4335 264 4405; x_wconf 81' lang='lat'>⁴)</span> <span class='ocrx_word' id='word_1_370' title='bbox 282 4339 335 4388; x_wconf 88' lang='lat' dir='ltr'>Eos</span> <span class='ocrx_word' id='word_1_371' title='bbox 360 4354 499 4388; x_wconf 87' lang='lat' dir='ltr'>consessus</span> <span class='ocrx_word' id='word_1_372' title='bbox 527 4338 598 4388; x_wconf 86' lang='lat' dir='ltr'>initio</span> <span class='ocrx_word' id='word_1_373' title='bbox 628 4339 748 4404; x_wconf 91' lang='lat' dir='ltr'>cuiusque</span> <span class='ocrx_word' id='word_1_374' title='bbox 777 4337 870 4388; x_wconf 90' lang='lat' dir='ltr'>mensis</span> <span class='ocrx_word' id='word_1_375' title='bbox 899 4336 976 4385; x_wconf 83' lang='lat' dir='ltr'>luisse</span> <span class='ocrx_word' id='word_1_376' title='bbox 1005 4351 1062 4384; x_wconf 91' lang='lat' dir='ltr'>cum</span> <span class='ocrx_word' id='word_1_377' title='bbox 1091 4336 1200 4398; x_wconf 84' lang='lat' dir='ltr'>Bergkio</span> <span class='ocrx_word' id='word_1_378' title='bbox 1228 4334 1264 4401; x_wconf 90' lang='lat' dir='ltr'>(p.</span> <span class='ocrx_word' id='word_1_379' title='bbox 1279 4335 1340 4399; x_wconf 91' lang='grc'>277)</span> <span class='ocrx_word' id='word_1_380' title='bbox 1369 4336 1432 4384; x_wconf 88' lang='lat' dir='ltr'>veri-</span> 
     </span>
     <span class='ocr_line' id='line_1_43' title="bbox 206 4409 382 4459; baseline 0.011 -3"><span class='ocrx_word' id='word_1_381' title='bbox 206 4409 288 4459; x_wconf 88' lang='lat' dir='ltr'>simile</span> <span class='ocrx_word' id='word_1_382' title='bbox 307 4411 382 4458; x_wconf 87' lang='lat' dir='ltr'>duco.</span> 
     </span>
    </p>

    <p class='ocr_par' dir='ltr' id='par_1_12' title="bbox 242 4476 1379 4546">
     <span class='ocr_line' id='line_1_44' title="bbox 242 4476 1379 4546; baseline -0.004 -16"><span class='ocrx_word' id='word_1_383' title='bbox 242 4477 264 4546; x_wconf 66' lang='grc'>5)</span> <span class='ocrx_word' id='word_1_384' title='bbox 281 4481 363 4545; x_wconf 84' lang='lat' dir='ltr'>Bergk</span> <span class='ocrx_word' id='word_1_385' title='bbox 373 4480 474 4545; x_wconf 90' lang='lat' dir='ltr'>quidem</span> <span class='ocrx_word' id='word_1_386' title='bbox 485 4478 513 4546; x_wconf 91' lang='lat' dir='ltr'>(l.</span> <span class='ocrx_word' id='word_1_387' title='bbox 527 4496 549 4531; x_wconf 90' lang='lat' dir='ltr'>c.</span> <span class='ocrx_word' id='word_1_388' title='bbox 563 4496 589 4544; x_wconf 92' lang='lat' dir='ltr'>p.</span> <span class='ocrx_word' id='word_1_389' title='bbox 601 4479 662 4541; x_wconf 86' lang='grc'>274)</span> <span class='ocrx_word' id='word_1_390' title='bbox 673 4480 769 4528; x_wconf 89' lang='lat' dir='ltr'>insidiis</span> <span class='ocrx_word' id='word_1_391' title='bbox 778 4480 893 4528; x_wconf 85' lang='lat' dir='ltr'>omnibus</span> <span class='ocrx_word' id='word_1_392' title='bbox 903 4480 937 4527; x_wconf 89' lang='lat' dir='ltr'>sic</span> <span class='ocrx_word' id='word_1_393' title='bbox 947 4480 1013 4526; x_wconf 84' lang='lat' dir='ltr'>viam</span> <span class='ocrx_word' id='word_1_394' title='bbox 1021 4479 1176 4542; x_wconf 84' lang='lat' dir='ltr'>pateiectam</span> <span class='ocrx_word' id='word_1_395' title='bbox 1195 4476 1271 4526; x_wconf 84' lang='lat' dir='ltr'>fuisse</span> <span class='ocrx_word' id='word_1_396' title='bbox 1285 4485 1379 4527; x_wconf 90' lang='lat' dir='ltr'>censet.</span> 
     </span>
    </p>

    <p class='ocr_par' dir='ltr' id='par_1_13' title="bbox 241 4548 1124 4617">
     <span class='ocr_line' id='line_1_45' title="bbox 241 4548 1124 4617; baseline -0.006 -16"><span class='ocrx_word' id='word_1_397' title='bbox 241 4550 263 4617; x_wconf 73' lang='lat'>⁰)</span> <span class='ocrx_word' id='word_1_398' title='bbox 282 4554 323 4601; x_wconf 88' lang='lat' dir='ltr'>De</span> <span class='ocrx_word' id='word_1_399' title='bbox 342 4554 445 4602; x_wconf 85' lang='lat' dir='ltr'>actione</span> <span class='ocrx_word' id='word_1_400' title='bbox 464 4548 500 4617; x_wconf 81' lang='grc' dir='ltr'>μὴ</span> <span class='ocrx_word' id='word_1_401' title='bbox 521 4548 600 4616; x_wconf 78' lang='grc' dir='ltr'><em>οὔσης</em></span> <span class='ocrx_word' id='word_1_402' title='bbox 620 4551 652 4602; x_wconf 82' lang='lat' dir='ltr'>cs.</span> <span class='ocrx_word' id='word_1_403' title='bbox 673 4553 736 4599; x_wconf 84' lang='lat' dir='ltr'>inira</span> <span class='ocrx_word' id='word_1_404' title='bbox 754 4568 779 4616; x_wconf 90' lang='lat' dir='ltr'>p.</span> <span class='ocrx_word' id='word_1_405' title='bbox 793 4553 836 4604; x_wconf 81' lang='lat'>41.</span> <span class='ocrx_word' id='word_1_406' title='bbox 855 4552 959 4600; x_wconf 88' lang='lat' dir='ltr'>Hubert</span> <span class='ocrx_word' id='word_1_407' title='bbox 977 4566 1003 4614; x_wconf 92' lang='lat' dir='ltr'>p.</span> <span class='ocrx_word' id='word_1_408' title='bbox 1016 4550 1050 4597; x_wconf 81' lang='lat'>48</span> <span class='ocrx_word' id='word_1_409' title='bbox 1070 4565 1124 4613; x_wconf 89' lang='lat' dir='ltr'>sqq.</span> 
     </span>
    </p>
   </div>
   <div class='ocr_carea' id='block_1_6' title="bbox 0 0 1686 5234">
    <p class='ocr_par' dir='ltr' id='par_1_14' title="bbox 0 0 1686 5234">
     <span class='ocr_line' id='line_1_46' title="bbox 0 0 1686 5234; baseline 0 0"><span class='ocrx_word' id='word_1_410' title='bbox 0 0 1686 5234; x_wconf 95' lang='lat' dir='ltr'> </span> 
     </span>
    </p>
   </div>
  </div>
 </body>
</html>
