3330 5234
727 477 922 540 „5-

197 657 385 721 editionem
408 656 620 737 aKenyonio
646 654 826 741 curatam).
849 655 1011 738 Equidem
1043 655 1149 718 fateor
1172 657 1332 719 neminem
1356 655 1435 717 mihi

201 746 315 809 adhuc
331 745 534 827 persuasisse
549 765 671 821 eorum,
698 745 752 828 qui
769 765 835 807 non
853 743 1066 810 Aristotelem
1083 744 1153 807 libri
1170 754 1337 808 auctorem
1362 763 1436 808 esse

200 835 419 910 contendunt,
452 834 511 897 sed
534 834 630 898 aliurn
656 833 819 915 quendam
843 843 899 896 aut
923 832 1118 914 discipulum
1142 842 1198 896 aut
1220 835 1321 895 virum
1346 834 1377 896 in
1400 853 1436 896 re

199 923 339 1005 publica
361 931 535 987 versatum.
582 920 648 985 Sed
680 932 844 1004 utcunque
875 942 988 986 resse
1020 922 1130 1003 habet,
1163 922 1341 985 secundam
1364 921 1435 984 libri

197 1022 334 1095 partem
359 1031 485 1076 summa
508 1012 573 1075 fide
591 1012 723 1092 dignam
740 1030 813 1074 esse
837 1030 952 1075 omnes
978 1012 1060 1074 inter
1075 1030 1111 1074 se
1123 1013 1338 1090 consentiunt,
1362 1031 1435 1073 cum

204 1102 250 1164 de
273 1103 382 1183 priore
406 1100 562 1164 historica
585 1108 677 1182 parte
702 1099 931 1180 dissentiant).

253 1190 402 1254 Tandem
425 1191 482 1254 viri
506 1190 631 1253 eisdem
655 1190 861 1271 temporibus
876 1190 938 1253 orti
954 1189 1059 1252 studia
1077 1190 1169 1252 dere
1186 1188 1316 1271 publica
1330 1187 1436 1250 Athe-

205 1280 365 1343 niensium
396 1281 528 1343 Inventa
558 1287 651 1354 sunt;
683 1278 749 1342 hoc
780 1298 858 1341 sane
888 1278 1006 1340 summi
1037 1278 1196 1341 momenti
1228 1286 1287 1340 est.
1313 1276 1436 1340 Adhuc

163 1424 170 1433 .
198 1369 292 1431 enim
317 1368 511 1452 plerumque
535 1387 580 1430 ex
603 1369 736 1449 impuris
752 1367 969 1449 posteriorum
985 1366 1130 1430 lontibus
1147 1367 1325 1430 hausimus,
1349 1367 1435 1429 Nam

201 1477 290 1540 quae
325 1459 356 1520 in
390 1456 627 1520 Demosthenis
657 1456 857 1521 orationibus
887 1456 929 1518 de
960 1456 1087 1519 arbitris
1118 1455 1258 1539 publicis
1285 1456 1433 1538 legimus,

199 1566 272 1610 non
307 1547 466 1610 eiusmodi
488 1555 580 1621 sunt,
615 1553 652 1609 ut
687 1545 788 1608 multa
821 1543 896 1607 inde
930 1544 1126 1608 concludere
1161 1545 1334 1628 possimus.
1381 1545 1435 1608 Ac

203 1655 307 1717 saepe
349 1636 482 1717 quidem
527 1636 559 1698 in
597 1636 817 1699 accusantium
855 1633 1055 1698 orati0nibus
1100 1634 1293 1697 arbitrorum
1328 1634 1435 1697 brevis

203 1725 332 1788 mentio
354 1724 391 1787 fit
414 1725 457 1786 ad
480 1723 650 1788 refutanda
673 1731 881 1808 argumenta,
914 1742 998 1804 quae
1022 1743 1112 1786 reum
1137 1722 1337 1804 prolaturum
1361 1742 1435 1787 esse

200 1823 379 1878 accusator
402 1813 578 1877 existimat.
601 1812 766 1894 Exemplo
789 1813 831 1874 sit
853 1812 947 1877 locus
963 1812 1201 1875 Demosthenis
1224 1815 1282 1892 (or.
1307 1811 1350 1875 36
1373 1832 1434 1894 pro

208 1903 341 1968 Phorm.
358 1901 377 1987 ξ
395 1902 447 1987 18)
470 1904 559 1985 οἶμαι
581 1902 609 1965 δ’
617 1901 865 1984 Ἀπολλόδωρον
900 1902 1032 1974 τουτονί,
1057 1901 1151 1965 οὐδὲν
1175 1902 1287 1982 ἔχοντα
1312 1902 1435 1966 δίκαιον

207 1993 304 2055 εἰπεῖν
338 1992 410 2073 περὶ
434 1989 482 2055 ὧν
504 1986 637 2072 ἐγκαλεῖ,
674 1993 754 2074 ἅπερ
791 1989 881 2071 παρὰ
915 1995 963 2071 τῷ
995 1990 1136 2073 διαιτητῇ
1170 1991 1269 2072 λέγειν
1304 1991 1433 2074 ἐτόλμα,

208 2079 288 2145 ταῦτ’
313 2075 395 2162 ἕρεῒν
508 2078 660 2144 Similiter
682 2101 729 2148 or.
757 2079 797 2142 4l
824 2079 912 2162 (adv,
936 2078 1052 2165 Spud.)
1075 2077 1094 2163 ᾗ
1127 2079 1175 2148 12,
1189 2076 1296 2148 Ἴσως
1318 2081 1433 2154 τοίνυν,

206 2169 237 2234 ὦ
261 2170 374 2252 ἄνδρες
398 2171 550 2243 δικασταί,
583 2170 666 2252 πρὸς
697 2170 758 2253 μὲν
780 2167 860 2231 ταῦτ’
895 2169 991 2233 οὐδὲν
1015 2169 1137 2250 ἀντερεῖ
1156 2169 1332 2239 Σπουδίας.
1359 2169 1435 2232 οὐδὲ

206 2259 267 2342 γὰρ
292 2260 362 2336 ἕξει,
387 2263 503 2340 καίπερ
520 2258 621 2329 ’δεινὸς
644 2261 702 2324 ὤν.
727 2259 894 2322 αἰτιάσεται
917 2258 952 2320 δὲ
976 2255 1182 2322 Πολύευκτον
1207 2312 1214 2326 .
1240 2307 1247 2321 .
1273 2312 1281 2327 ,
1307 2306 1313 2319 .
1337 2264 1433 2322 ταῦτα

207 2349 267 2431 γὰρ
299 2349 353 2412 καλ
389 2347 473 2430 πρὸς
502 2351 551 2430 τῷ
584 2349 723 2432 διαιτητῇ
758 2348 857 2425 λέγειν
892 2347 1051 2430 ἐπεχείρει.
1100 2345 1147 2409 Cf.
1182 2347 1279 2410 Dent.
1312 2367 1358 2411 or.
1392 2346 1433 2409 27

200 2438 294 2519 λαόν.
319 2437 472 2520 Aphob)
496 2435 515 2522 ξ
539 2437 593 2515 49,
618 2435 640 2523 ξ
665 2435 717 2500 53.
764 2436 807 2498 Hi
843 2436 905 2498 loci
942 2436 1140 2499 documento
1164 2444 1246 2514 sunt,
1285 2435 1431 2518 logogra·

209 2528 295 2608 phos
327 2526 415 2589 velut
449 2525 598 2606 Lysiam,
638 2526 780 2605 Isaeum,
821 2525 1080 2588 Demosthenem
1117 2525 1149 2587 in
1180 2525 1277 2588 rebus
1301 2526 1434 2607 privatis

203 2617 375 2678 orationes
400 2616 446 2678 eis
470 2616 751 2692 accommodasse,
789 2635 872 2696 quae
907 2634 980 2676 reus
1017 2614 1108 2696 apud
1139 2613 1293 2676 arbitrum
1329 2614 1433 2676 adse

202 2703 448 2767 defendendum
472 2703 609 2769 dixerat.
633 2706 668 2766 ln
693 2702 790 2766 rebus
813 2712 921 2767 autem
946 2702 1083 2783 publicis
1106 2722 1167 2784 pro
1191 2704 1320 2766 actione
1344 2704 1434 2784 apud

201 2793 363 2857 arbitrum
402 2794 566 2875 ἀνάκρισις
613 2794 703 2874 apud
742 2795 966 2874 magistratum
984 2837 995 2856 .
1013 2792 1205 2855 adversariis
1244 2801 1434 2873 argumenta

207 2882 320 2962 dabat,
345 2883 485 2965 quaein
509 2883 628 2945 iudicio
651 2881 874 2962 impugnanda
905 2890 939 2944 et
961 2877 1132 2944 refutanda
1156 2888 1256 2950 erant,
1302 2882 1434 2944 Eodem

207 2973 307 3034 modo
340 2973 382 3034 de
414 2971 563 3034 omnibus
594 2973 642 3035 eis
676 2971 757 3034 locis
781 2971 990 3033 iudicandum
1015 2979 1074 3048 est,
1107 2970 1161 3032 ubi
1193 2979 1366 3032 accusator
1389 2972 1433 3032 rei

207 3070 400 3140 argumenta
422 3062 596 3142 providere
620 3069 653 3124 et
677 3061 867 3141 praecipere
890 3060 1028 3123 videtur.
1060 3059 1127 3122 Sed
1150 3079 1225 3121 cum
1247 3080 1265 3121 e
1288 3059 1434 3141 plurimis

206 3148 441 3212 Demosthenis
464 3149 545 3212 locis
580 3149 656 3213 nihil
694 3149 754 3212 nisi
778 3148 904 3229 singula
928 3147 1081 3229 colligere
1104 3149 1277 3228 possimus
1303 3148 1434 3211 duobus

205 3237 285 3302 locis
310 3236 435 3319 effigies
470 3247 558 3302 certe
588 3239 703 3302 melior
737 3239 902 3301 actionum
926 3238 1016 3318 apud
1047 3237 1185 3299 arbitros
1208 3247 1352 3300 actarum
1377 3257 1432 3298 ex·

206 3328 371 3406 primitur:
410 3328 441 3388 in
465 3348 511 3396 or,
538 3327 575 3389 21
604 3325 693 3412 (adv.
718 3324 809 3411 Mid.)
832 3325 851 3410 ξ
875 3325 1007 3389 83-96
1031 3335 1065 3388 et
1089 3345 1136 3394 or,
1161 3325 1205 3388 54
1227 3325 1314 3409 (adv.
1339 3324 1433 3407 Con.)

251 3558 418 3624 1)Ατίεῐοῐ1ε
444 3576 479 3610 ou
504 3560 547 3610 the
567 3559 731 3608 constitution
759 3559 789 3607 of
814 3559 924 3620 Athens,
949 3557 1036 3606 edited
1056 3558 1089 3620 by
1108 3558 1137 3610 F.
1151 3557 1183 3606 G.
1198 3558 1318 3620 Kenyon.
1339 3558 1433 3607 Eritish

205 3630 507 3767 Mugiuffdtiessiiiiiorum
525 3701 638 3768 ipsorum
660 3717 738 3751 voces
758 3700 895 3749 nonnullas
913 3701 1002 3749 afferre
1022 3701 1082 3748 satis
1102 3701 1163 3749 erit:

251 3773 332 3837 Riihl,
352 3774 446 3824 Rhein‚
474 3775 538 3822 Mus.
564 3769 647 3823 XLVI
672 3772 867 3840 p.„42<›-4r>4.
905 3773 960 3821 Der
987 3772 1175 3836 autIquurische
1194 3771 1251 3819 Teil
1284 3770 1379 3819 stimmt
1398 3772 1432 3818 im

204 3858 312 3906 grossen
340 3845 391 3892 und
419 3859 517 3907 ganzen
545 3843 589 3895 mit
616 3845 663 3892 der
691 3842 903 3905 Uberlielerung,
932 3843 1000 3892 nIcht
1028 3844 1090 3890 aber
1118 3843 1165 3891 der
1193 3842 1349 3891 historische
1377 3843 1433 3891 Tell

205 3911 413 4048 (ΡΟλλιῖλῗιλλλαῑ
431 3987 538 4036 Aristot.
558 3986 600 4035 die
621 3984 715 4034 Schriit
733 4001 792 4034 vom
812 3985 900 4034 Stante
921 3986 967 4034 der
985 3985 1099 4036 Athener
1117 3984 1303 4049 geschrieben?
1324 3981 1361 4049 (p.
1390 3983 1433 4049 76)

205 4056 324 4108 Sicheres
344 4056 445 4108 Wissen
473 4057 571 4107 euthalt
599 4057 645 4106 der
663 4057 866 4120 systematische,
894 4056 975 4106 leider
995 4056 1065 4105 stark
1092 4057 1277 4106 verstttmmelte
1296 4056 1353 4104 Tell
1384 4055 1431 4103 der

205 4127 300 4178 Schriit
318 4130 343 4180 in
363 4127 422 4177 weit
440 4129 563 4178 hbherem
582 4129 667 4178 Messe
694 4129 731 4176 als
750 4129 796 4178 der
814 4128 976 4178 historische.
1014 4130 1064 4176 Wo
1084 4128 1130 4176 der
1149 4127 1286 4176 Verlasser
1305 4127 1347 4174 die
1367 4126 1434 4174 Ord-

206 4216 275 4282 nung
294 4201 341 4249 der
359 4199 443 4264 Dinge
464 4199 620 4261 beschreibg
647 4199 688 4248 die
717 4216 747 4247 zu
775 4200 855 4248 seiner
875 4200 932 4249 Zeit
951 4200 1069 4260 bestand,
1100 4199 1217 4249 verdient
1236 4214 1263 4246 er
1282 4198 1432 4248 unbedenk·

205 4271 440 4393 llehSitdiiiiiiiremDe
469 4343 568 4392 Sanctis
592 4342 618 4390 in
649 4341 747 4391 Rivista
775 4341 801 4389 di
826 4341 942 4404 filologia
960 4342 1016 4403 XX,
1042 4357 1068 4404 p.
1092 4341 1139 4390 147
1167 4356 1204 4404 sq.
1242 4339 1273 4390 ci.
1294 4339 1370 4399 Riihl,
1390 4340 1434 4387 der

201 4413 288 4550 {miii
290 4415 348 4534 tder1
350 4413 474 4534 όέτλιειιετ
492 4415 542 4462 und
561 4413 620 4463 keiu
641 4413 721 4463 Ende.
742 4412 827 4476 (Neue
837 4413 925 4474 Jahrb.
946 4412 1139 4475 liirPhilologie
1158 4411 1248 4459 XVIII
1268 4427 1293 4475 p.
1314 4410 1365 4460 673
1385 4410 1434 4476 sq.)

201 4529 205 4540 r
227 4523 232 4536 ¹
307 4523 314 4550 ’
388 4523 394 4535 ⁸
417 4513 446 4520 ’'-
