3330 5234
719 461 939 532 -49...

207 647 366 730 paulatim
391 667 536 711 crescere
560 655 593 712 et
617 647 729 728 augeri
752 645 909 726 videmus,
933 644 1124 711 arbitrorum
1149 667 1265 710 munus
1288 643 1330 709 ab
1350 641 1439 710 initio

207 737 296 800 idem
320 738 479 800 mansisse
502 733 713 819 putabimus?
737 737 841 800 Immo
864 735 1026 817 gradatim
1051 744 1180 800 auctum
1206 756 1279 799 esse
1303 756 1439 799 consen-

207 836 342 890 taneum
366 835 429 892 est.

254 917 360 979 Primo
384 915 469 978 enim
485 915 596 978 arbitri
619 935 672 978 res
688 912 784 976 XXX
798 913 939 977 virorum
956 914 1053 988 solas,
1078 914 1234 994 paulatim
1251 924 1284 977 et
1300 914 1436 977 aliorum

210 1006 457 1088 magistratuum
492 1004 565 1086 (per
588 1002 685 1067 XXX
709 1003 807 1085 viros)
842 1010 1057 1084 acceperunt;
1090 1002 1232 1066 Euclidis
1255 1023 1340 1066 anno
1364 1003 1440 1084 lege

209 1096 332 1157 iussum
358 1102 418 1174 est,
443 1093 534 1175 quod
558 1101 654 1155 antea
677 1092 871 1173 permissum
894 1100 973 1156 erat.

256 1183 324 1247 Sed
348 1183 398 1244 his
422 1183 573 1244 omnibus
597 1181 793 1243 coniecturis
816 1181 859 1244 ad
882 1189 1043 1262 tempora,
1079 1181 1195 1262 quibus
1219 1181 1330 1244 arbitri
1353 1183 1439 1244 insti-

209 1273 269 1335 tuti
300 1273 374 1349 sint,
407 1269 593 1333 definienda
622 1268 701 1332 nihil
732 1266 942 1350 profecimus,
979 1270 1040 1332 nisi
1071 1279 1106 1332 ut
1137 1280 1305 1334 extremos
1328 1290 1439 1333 eorum

210 1361 292 1424 fines
315 1358 507 1446 (453-403
531 1379 560 1428 a.
578 1357 653 1425 Chr.
671 1357 944 1444 n.)-p0neremuS.

255 1449 303 1513 At
325 1448 462 1511 sortasse
478 1447 551 1529 plus
567 1467 787 1530 assequemur,
805 1448 832 1510 si
848 1447 1142 1533 deliberaverimus
1160 1448 1236 1530 quid
1252 1456 1441 1529 spectantes

126 1599 130 1608 ,
210 1538 433 1601 Athenienses
457 1536 587 1618 publica
610 1537 741 1600 arbitria
765 1537 965 1600 instituerint.

256 1626 309 1689 Ac
332 1627 469 1707 primum
487 1626 620 1708 quidem
642 1626 894 1707 magistratibus,
919 1626 1076 1708 imprimis
1092 1646 1252 1709 pagorum
1269 1626 1439 1702 iudicibus,
1502 1683 1507 1694 ,

212 1737 331 1797 magna
356 1735 432 1796 pars
456 1716 543 1777 nimii
578 1716 685 1780 oneris
714 1715 850 1777 anacrisi
883 1715 924 1777 ab
948 1714 1070 1778 arbitro
1093 1723 1249 1797 suscepta
1273 1713 1441 1779 sublevata

211 1815 270 1876 est.
295 1806 379 1869 Tum
405 1806 528 1868 minore
551 1804 639 1867 cives
663 1803 802 1885 pecunia
824 1804 989 1886 insumpta
1013 1805 1062 1868 ius
1086 1805 1146 1867 sibi
1164 1824 1356 1885 comparare
1380 1825 1440 1887 po·
1553 1806 1555 1812 '

209 1902 327 1969 terant,
352 1915 426 1958 cum
450 1894 648 1975 πρυτανείοις
671 1894 814 1956 remissis
838 1892 909 1956 sola
933 1893 1130 1976 παράστασις
1152 1892 1180 1980 (1
1200 1890 1369 1977 drachma)
1393 1895 1439 1956 eis

210 1984 368 2046 solvenda
392 1992 479 2045 esset
488 1981 521 2068 ¹).
568 1982 671 2045 Adde
695 1981 785 2064 quod
808 1983 957 2063 ingentes
980 1985 1025 2045 rei
1049 1982 1200 2064 publicae
1224 1992 1374 2063 sumptus
1397 1983 1442 2044 ad

210 2071 436 2135 constituenda
451 2072 569 2134 iudicia
585 2070 750 2134 heliastica
766 2071 1001 2135 minuebantur.
1039 2071 1106 2135 Sed
1130 2071 1214 2133 haec
1237 2072 1442 2153 exspectatio

211 2170 361 2224 auctores
384 2159 466 2241 legis
491 2160 611 2225 fefellit.
655 2161 740 2223 Nam
769 2161 969 2241 provocandi
994 2181 1071 2224 usus
1095 2163 1127 2224 in
1152 2161 1223 2223 dies
1247 2160 1441 2241 percrebuit,

210 2271 273 2313 nec
295 2248 388 2314 facile
411 2258 547 2332 uterque
570 2249 761 2330 litigantium
784 2250 945 2313 sententia
967 2250 1077 2313 arbitri
1101 2258 1274 2314 contentus
1297 2259 1377 2319 erat.

257 2341 349 2402 Haec
381 2339 491 2401 omnia
513 2338 557 2399 ad
582 2337 739 2401 eiusmodi
772 2348 923 2418 tempora
946 2339 1108 2421 quadrare
1132 2339 1293 2423 videntur,
1325 2338 1442 2420 quibus

211 2428 356 2509 litigandi
380 2427 542 2507 cupiditas
566 2426 695 2508 publice
720 2436 877 2509 provecta
893 2427 987 2489 etiam
1005 2429 1093 2511 apud
1110 2425 1292 2492 inferiorem
1309 2428 1441 2509 plebem

212 2516 394 2595 crescebat,
417 2536 490 2577 cum
508 2535 591 2597 opes
606 2524 639 2579 et
656 2517 771 2580 civium
796 2525 829 2581 et
845 2516 891 2578 rei
908 2516 1058 2599 publicae
1075 2518 1194 2579 sensim
1213 2516 1440 2586 dilaberentur,

212 2607 261 2668 Ea
283 2614 436 2686 tempora
459 2603 604 2687 fuerunt,
635 2625 708 2667 cum
739 2607 863 2670 Pericle
890 2614 1019 2669 mortuo
1043 2605 1156 2688 populi
1182 2607 1361 2669 dominatio
1386 2606 1440 2667 de·

211 2694 391 2774 generabat
407 2702 441 2755 et
462 2693 548 2756 bello
564 2693 845 2776 Peloponnesiaco
863 2695 991 2758 divitiae
1008 2695 1257 2759 Atheniensium
1274 2695 1442 2759 exhaurie-

212 2785 339 2848 bantur.
386 2783 447 2846 His
470 2783 683 2864 temporibus,
715 2795 794 2865 post
817 2783 948 2847 Periclis
981 2793 1120 2848 mortem
1150 2793 1184 2847 et
1216 2793 1291 2847 ante
1324 2803 1441 2865 pacem

212 2872 382 2952 Lysandri,
407 2872 545 2935 arbitros
569 2874 734 2937 institutos
759 2893 831 2936 esse
855 2874 1045 2953 putaverim.

258 2961 401 3042 Quando
432 2971 540 3024 autem
572 2963 760 3023 evanuerint
791 2981 809 3023 e
840 2960 904 3030 lex,
930 2961 1030 3030 Cant,
1050 2962 1247 3026 concludere
1269 2962 1354 3025 licet.
1390 2961 1438 3025 lbi

213 3051 299 3115 enim
324 3070 350 3113 s.
366 3069 397 3116 v.
421 3051 468 3133 μὴ
492 3050 572 3113 οὖσα
596 3051 668 3133 δίκη
694 3050 740 3131 (ρ.
757 3050 835 3132 673)
860 3059 893 3112 et
916 3050 977 3113 alia
1000 3061 1033 3116 et
1056 3051 1139 3114 haec
1174 3051 1340 3133 leguntur:
1373 3049 1439 3116 κατ’

213 3139 317 3208 ἐνίους
340 3139 375 3201 δὲ
399 3141 417 3222 ἡ
442 3139 596 3222 ἀντίληξίς
618 3141 707 3212 ἐστιν,
733 3140 798 3220 ὅτῳ
823 3140 994 3221 ἀντιλαχεῖν
1018 3143 1100 3224 ἐξῆν.
1126 3143 1180 3205 καὶ
1192 3141 1399 3225 μετέγραψαν
1423 3145 1442 3224 ἢ

213 3229 298 3299 ὅλως
314 3229 431 3292 ἐκτῶν
447 3229 552 3310 λόγων
576 3229 709 3298 ἀνεῖλαν,
740 3230 855 3292 τούτου
878 3229 914 3291 δὲ
937 3230 1034 3294 ἀίτιον
1058 3233 1150 3314 ἢτοῦ
1173 3231 1270 3300 ἔθους
1293 3230 1441 3312 ἔκλειψις,

213 3319 365 3402 ἀνῄρηται
410 3317 469 3400 γὰρ
493 3316 574 3400 μετὰ
596 3323 661 3381 τῶν
686 3319 852 3402 διαιτητῶν
883 3321 902 3400 ἡ
935 3319 1097 3403 ἀντίληξις.
1144 3320 1242 3382 Hunc
1277 3318 1384 3382 locum
1409 3327 1443 3381 et

213 3409 314 3470 Meier
336 3406 379 3488 (p,
402 3405 457 3491 29)
481 3415 515 3468 et
539 3407 666 3470 Hubert
689 3406 731 3493 (p.
751 3404 804 3493 57)
828 3409 873 3469 ita
896 3407 1094 3488 interpretati
1118 3417 1207 3487 sunt,
1244 3415 1279 3469 ut
1302 3408 1441 3470 arbitros

213 3516 279 3559 non
302 3495 403 3556 multo
435 3504 512 3576 post
543 3494 628 3560 illam
659 3496 907 3559 clarissimorum
940 3505 1103 3561 oratorum
1135 3506 1274 3560 aetatem
1300 3496 1441 3559 abolitos

213 3604 286 3646 esse
310 3583 469 3648 dicerent.
509 3585 711 3647 Postremum
743 3586 785 3649 de
815 3586 943 3649 arbitris
974 3587 1196 3650 testimonium
1233 3606 1250 3647 e
1283 3586 1441 3649 Demetrii

213 3673 360 3736 Phalerei
385 3673 587 3755 temporibus
611 3674 641 3736 in
665 3673 730 3742 lex.
755 3674 847 3739 Cant.
873 3675 892 3742 l.
917 3694 945 3742 c.
972 3675 1066 3738 nobis
1089 3684 1253 3738 servatum
1277 3685 1336 3739 est.

259 3761 351 3822 Haec
376 3765 417 3826 de
441 3762 568 3825 arbitris
592 3763 842 3827 Atheniensium
866 3763 1005 3844 publicis
1029 3764 1169 3827 dicenda
1192 3765 1315 3844 putavi.
1347 3762 1441 3843 Quae

215 3853 242 3913 si
265 3871 330 3912 non
354 3850 457 3913 solum
483 3872 567 3914 nova
588 3853 648 3914 sed
672 3853 769 3916 etiam
794 3873 870 3914 vera
893 3873 966 3915 esse
983 3853 1186 3928 videbuntur,
1210 3854 1243 3916 id
1260 3853 1336 3916 mihi
1359 3873 1442 3916 sum-

219 3961 307 4003 mum
331 3939 452 4004 laboris
475 3942 654 4023 praemium
677 3950 760 4005 esto.

253 4134 275 4203 ¹)
294 4137 334 4190 Cf.
346 4136 475 4186 thumser
493 4154 518 4202 p.
532 4139 592 4193 591.
