3330 5234
701 504 923 566 ..27-

195 703 336 767 poenam
353 700 482 764 semper
494 683 696 746 aestimatam
717 701 791 744 esse
811 691 843 746 et
855 681 938 746 ultra
951 682 1068 764 capitis
1082 681 1339 746 deminutionem
1351 683 1430 765 ipso

194 775 263 837 iure
275 773 451 853 irrogatam
465 770 618 833 damnum
631 771 814 834 accusatori
825 770 1062 835 restituendum
1075 770 1173 834 fuisse
1186 781 1307 840 censet.
1321 771 1424 852 Lipsii

194 862 390 925 sententiam
414 860 557 924 veritatis
577 862 741 942 quandam
758 862 902 942 speciem
923 859 1045 924 habere
1061 860 1220 946 concedo,
1237 861 1296 924 sed
1313 861 1426 923 Meieri

195 959 230 1016 et
255 949 453 1014 Scho'manni
475 950 789 1030 argumentationem
813 948 945 1011 laudare
969 968 1035 1010 non
1055 969 1202 1031 possum.
1228 949 1353 1014 Omnes
1369 969 1426 1012 an·

195 1040 353 1123 tiquitatis
376 1047 526 1101 auctores
557 1047 590 1101 et
613 1040 684 1119 ipse
708 1037 908 1102 Aristoteles
932 1039 1059 1120 ἀτιμίαν
1081 1039 1210 1100 actione
1233 1040 1425 1120 εἰσαγγελίας

196 1129 349 1192 effectam
373 1147 447 1190 esse
469 1128 611 1202 tradunt,
637 1147 734 1190 nemo
758 1127 853 1189 aliam
877 1147 1019 1208 poenam
1036 1137 1281 1194 commemorat.
1306 1129 1425 1210 Itaque

196 1219 223 1280 si
258 1217 430 1298 εἰσαγγελία
453 1237 473 1278 a
496 1216 648 1297 praeside
673 1216 799 1300 collegii
824 1225 962 1298 accepta
997 1225 1084 1296 erat,
1116 1224 1205 1279 certe
1241 1217 1282 1280 de
1318 1218 1427 1299 ἀτιμίᾳ

196 1306 267 1370 sola
301 1306 468 1387 agebatur.
516 1305 584 1368 Sed
607 1306 675 1368 sine
699 1305 798 1368 dubio
822 1306 1065 1387 ὁπρυτανεύιον
1091 1313 1292 1385 potestatem
1323 1305 1425 1368 habe·

197 1395 255 1458 bat
277 1395 427 1477 quamvis
452 1413 518 1456 rem
545 1403 577 1456 et
601 1394 783 1475 accipiendi
807 1403 842 1458 et
864 1394 1027 1468 reiciendi,
1061 1402 1159 1475 prout
1182 1394 1336 1458 delictum
1359 1403 1430 1456 tam

197 1485 288 1566 gravi
311 1503 420 1564 poena
444 1484 577 1564 dignum
602 1492 656 1547 aut
679 1484 845 1564 indignum
870 1482 1049 1546 videbatur.
1076 1482 1131 1546 Sic
1151 1483 1272 1546 leviora
1295 1484 1428 1546 crimina

196 1593 256 1657 per
279 1593 315 1634 se
339 1573 409 1654 ipsa
432 1571 505 1636 soro
531 1571 661 1653 collegii
693 1572 885 1635 arbitrorum
917 1581 1059 1655 excepta
1089 1581 1198 1647 erant,
1232 1592 1306 1636 cum
1329 1581 1385 1634 aut
1408 1591 1432 1634 a

196 1662 348 1747 praeside
372 1661 621 1743 repudiarentur
650 1670 705 1724 aut
739 1662 780 1724 ad
812 1681 902 1723 reum
934 1683 953 1722 a
976 1661 1110 1744 collegis
1142 1661 1427 1724 condemnandum

198 1773 311 1834 parum
335 1746 530 1818 sufficerent.
568 1749 635 1812 Sed
659 1751 732 1832 ipso
756 1751 897 1813 muneris
921 1750 1032 1813 officio
1056 1750 1145 1814 laeso
1156 1750 1181 1833 1)
1205 1759 1293 1814 certe
1316 1751 1428 1831 legum

197 1841 353 1904 severitas
376 1839 516 1902 valebat.
540 1839 690 1902 Eandem
719 1839 815 1920 igitur
845 1839 1047 1914 libertatem,
1081 1860 1179 1922 quam
1210 1841 1241 1902 in
1265 1848 1336 1902 toto
1361 1838 1434 1905 fere

197 1931 266 2005 iure
275 1930 400 2003 Attico,
414 1938 447 1991 et
458 1929 489 1990 in
502 1928 721 2006 iurisdictione
731 1928 857 2009 collegii
867 1929 1060 1992 arbitrorum
1070 1928 1328 1992 animaduertere
1341 1928 1431 1993 licet..

775 2123 852 2208 §a

533 2267 596 2342 De
624 2269 876 2342 arbitrorum
905 2268 1096 2365 collegio,

245 2447 392 2528 Tempus
424 2455 474 2508 est
497 2445 546 2520 id,
578 2443 668 2527 quod
692 2463 791 2523 supra
813 2442 1027 2523 promisimus
1052 2452 1218 2524 praestare
1260 2443 1359 2504 etde
1384 2462 1435 2504 ar»

200 2537 356 2599 bitrorum
373 2535 512 2616 collegio
529 2553 635 2615 pauca
650 2527 806 2607 conferre,
831 2532 1026 2594 coniecturis
1049 2533 1154 2612 magis
1178 2531 1310 2594 inventa
1333 2552 1431 2612 quam

202 2626 298 2689 certis
321 2625 512 2688 confirmata
536 2623 751 2686 documentis
776 2621 901 2685 Fontes
926 2621 1012 2682 enim
1029 2621 1226 2702 antiquitatis
1241 2621 1435 2682 tenuissime

201 2723 342 2778 manant.
390 2714 472 2792 Etsi,
505 2713 595 2792 quod
626 2731 787 2774 summum
812 2719 872 2786 est,
905 2710 1078 2791 collegium
1110 2709 1303 2772 arbitrorum
1334 2708 1432 2772 fuisse

201 2805 313 2884 negari
338 2823 404 2865 non
426 2803 556 2883 poterit,
581 2801 707 2881 singula
730 2809 841 2864 tamen
869 2800 993 2862 incerta
1027 2808 1110 2863 sunt,
1143 2799 1254 2879 Bergk
1281 2797 1436 2882 primus2}

201 2893 339 2957 arbitros
367 2892 507 2972 collegio
537 2890 727 2954 coniunctos
754 2888 852 2951 fuisse
878 2889 1105 2962 contenderat,
1129 2887 1164 2949 id
1192 2887 1271 2969 quid
1301 2887 1431 2969 inscrip-

201 2980 331 3066 tione3),
365 3001 448 3062 quae
472 2982 641 3043 decretum
665 2978 858 3042 arbitrorum
881 2980 1035 3052 continet,
1061 2978 1316 3039 demonstratur:
1345 3025 1432 3044 ....

191 3069 337 3148 Ἔδοξεν
366 3077 432 3140 τοῖς
462 3069 631 3152 διαιτηταῖς
666 3067 828 3130 ἐπαινέσαι
858 3067 912 3129 καί
944 3071 1147 3148 στεφανῶσαι
1171 3065 1286 3135 αὐτοὺς
1308 3065 1436 3128 θαλλοῦ

202 3161 363 3241 στεφάνῳ.

249 3248 317 3312 Sed
341 3269 406 3311 non
429 3247 534 3309 solum
559 3245 628 3307 aliis
651 3245 794 3308 honores
818 3243 926 3306 arbitri
948 3245 1172 3316 decreverunt,
1198 3242 1259 3306 sed
1283 3242 1343 3323 ipsi
1367 3263 1432 3305 mu·

202 3358 282 3401 nere
306 3337 467 3419 perfuncti
490 3335 620 3397 laudem
643 3343 676 3396 et
692 3341 885 3396 ornamenta
900 3340 1108 3415 acceperunt.
1135 3330 1182 3394 Cf.
1201 3330 1236 3396 C.
1254 3329 1436 3415 1.A.112‚

201 3450 235 3512 p.
253 3427 334 3490 356:
368 3426 519 3509 διαιτηταὶ
543 3425 574 3488 οἰ
604 3423 656 3486 έπί
682 3421 877 3491 Ἀντικλέους
908 3423 1064 3503 ἄρχοντος
1088 3421 1244 3483 ἀνέθεσαν
1268 3442 1432 3502 στεφανω-

201 3518 312 3586 θέντες
334 3515 400 3579 ὑπὸ
422 3520 479 3578 τοῦ
503 3513 610 3596 δήμου
634 3520 668 3575 et
679 3511 775 3590 Rom,
799 3511 929 3573 Demen
953 3532 982 3574 v.
1000 3510 1117 3572 Attika
1140 3529 1172 3590 p.
1192 3509 1249 3570 21:
1276 3508 1438 3592 Διαιτηταί

204 3609 235 3671 οἰ
257 3602 311 3668 int
329 3605 490 3685 Φρυνίχου
508 3604 663 3683 ἄρχοντος
679 3601 836 3664 ἀνέθεσαν
859 3599 1119 3683 στεφανωθέντες
1141 3601 1189 3680 τῷ
1211 3597 1307 3681 δήμῳ
1324 3598 1434 3666 καλῶς

203 3695 258 3760 καί
284 3695 416 3762 δικαίως
438 3692 660 3774 θιαιτήσαντες.

251 3783 333 3848 Cum
365 3783 414 3844 his
445 3779 706 3861 inscriptionibus
730 3777 915 3842 Aristotelis
944 3776 1046 3839 verba
1077 3776 1119 3838 de
1143 3776 1315 3857 εἰσαγγελίᾳ
1347 3775 1436 3855 apud

205 3872 342 3938 arbitros
367 3870 451 3957 (cap.
477 3869 528 3948 53,
554 3868 589 3950 ὁ)
613 3868 771 3949 simulque
796 3867 926 3948 Bergkii
950 3869 1140 3929 coniectura
1163 3865 1205 3926 ad
1230 3865 1339 3945 Harp.
1358 3884 1383 3927 s.
1404 3884 1434 3927 ν.

205 3961 379 4043 εἰσαγγελία
402 3960 526 4040 optime
551 3965 743 4038 congruunt.

252 4050 346 4132 Quae
362 4069 441 4110 vero
457 4045 597 4130 Bergk4)
612 4047 653 4108 de
670 4044 862 4108 arbitrorum
876 4043 1073 4106 ornamentis
1085 4044 1246 4117 iudicavit,
1265 4040 1342 4102 mihi
1355 4038 1438 4102 falsa

207 4160 280 4221 esse
304 4138 462 4202 videntur.
495 4135 707 4199 Concluserat
730 4136 815 4196 enim
839 4133 938 4196 elex.
957 4132 1048 4200 Cant.
1066 4132 1278 4220 adnotatione
1303 4151 1329 4196 s.
1344 4149 1374 4192 ν.
1389 4130 1439 4212 μὴ]

243 4299 266 4365 ¹)
287 4298 546 4348 ›Amtsmissbrauch‹
567 4296 654 4344 Busolt
673 4313 700 4360 p.
714 4296 774 4344 271.

243 4369 266 4436 2)
285 4373 312 4421 Z.
327 4373 344 4422 f.
358 4373 381 4420 d.
396 4374 425 4419 A.
438 4370 478 4420 W.
497 4369 573 4429 1849,
592 4383 617 4432 p.
632 4364 721 4433 275s6.

245 4439 266 4508 ³)
281 4440 347 4507 Ἐοι.
367 4439 427 4506 ἀρχ.
447 4440 532 4488 titulus
553 4440 630 4488 3818.

243 4513 264 4577 ⁴)
284 4513 377 4563 Rhein.
396 4514 462 4562 Mus.
482 4511 585 4574 v11‚p.
609 4511 657 4559 135
677 4511 737 4560 adn.
759 4511 781 4561 l.
