3330 5234
741 451 937 513 ..8-

216 652 295 696 vero
319 633 540 696 testimonium
563 630 726 694 Midianae
748 630 904 694 insertum
927 628 990 691 alio
1016 628 1092 691 loco
1116 627 1263 692 eiusdem
1287 628 1443 691 orationis

216 721 383 787 refutatur.
407 722 492 786 Nam
505 718 525 805 ἓ
537 719 580 783 83
603 719 685 782 haec
697 718 862 800 leguntur:
886 725 941 801 τῆς
959 717 1020 800 γὰρ
1040 717 1140 801 δίκης,
1161 719 1275 802 ταύτης
1294 717 1386 798 λέγω,
1404 715 1443 798 ἧς

215 812 301 876 είίον
324 809 430 883 αὐτὸν,
454 809 585 891 γίγνεταί
608 832 667 890 μοι
690 808 847 892 διαιτητὴς
862 807 1016 890 Στράτων
1038 805 1213 891 Φαληρεύς,
1238 806 1294 869 ubi
1311 806 1443 887 γίγνεται
1506 865 1509 867 ,

215 901 260 963 ad
285 900 439 963 arbitrum
463 919 529 962 non
553 897 692 960 electum
715 896 774 962 sed
794 904 883 960 sorte
906 903 1050 960 creatum
1067 895 1225 976 quadrare
1248 895 1386 976 videtur,
1409 895 1442 957 id

216 987 310 1072 quod
333 989 398 1051 iarn
421 987 549 1050 Hubert
572 983 615 1072 (p.
640 984 695 1073 42)
718 994 752 1049 et
775 985 907 1068 Lipsius
916 984 940 1071 1)
962 983 1270 1050 animadverterunt.

262 1077 330 1142 Sed
353 1098 426 1140 curn
451 1077 493 1139 de
517 1075 649 1158 privatis
671 1074 799 1138 arbitris
822 1095 866 1138 ex
889 1073 1078 1137 Aristotelis
1103 1072 1146 1137 de
1169 1094 1237 1155 rep.
1254 1072 1335 1139 Ath.
1359 1072 1443 1136 libro

216 1167 294 1229 nihil
325 1166 575 1246 comperiamus,
600 1184 685 1247 quae
708 1172 818 1228 autern
841 1172 938 1227 antea
961 1171 1039 1226 nota
1062 1171 1163 1242 erant,
1187 1161 1441 1238 Hudtwalckeri,

214 1255 339 1333 Meieri,
353 1254 491 1318 Huberti
508 1252 781 1334 disputationibus
795 1251 873 1315 satis
890 1252 1052 1332 explicata
1068 1251 1142 1331 sint,
1165 1249 1229 1314 hos
1245 1252 1442 1314 omittamus

215 1344 268 1407 De
293 1343 430 1426 publicis
454 1343 584 1406 arbitris
607 1342 685 1405 solis
709 1341 805 1404 nobis
820 1341 992 1403 dicendum
1017 1340 1086 1408 erit.

789 1622 809 1708 ᾖ
837 1625 863 1694 l.

578 1821 641 1896 De
671 1823 920 1898 arbitrorum
949 1826 1093 1896 aetate.

259 2011 367 2076 Unam
388 2016 616 2098 quaestionem
641 2017 682 2079 de
707 2032 880 2078 numero
902 2014 1095 2078 arbitrorum
1113 2034 1238 2091 omnes,
1264 2017 1319 2097 qui
1337 2017 1379 2080 de
1395 2018 1442 2082 eis

212 2101 315 2164 verba
348 2104 511 2186 lecerunt,
547 2101 768 2168 difficillimam
804 2104 984 2179 duxerunt,
1020 2122 1125 2186 neque
1156 2103 1328 2188 quisquam
1363 2107 1441 2169 certi

214 2190 396 2273 quidquam
421 2192 639 2274 comprobare
663 2193 779 2274 potuit,
815 2192 963 2275 quamvis
997 2193 1177 2255 sententiae
1212 2213 1314 2274 saepe
1337 2203 1442 2257 muta·

159 2359 161 2365 .
213 2288 333 2348 rentur.
392 2285 569 2346 Numerum
604 2291 713 2346 autern
753 2302 826 2345 cum
865 2291 1011 2345 aetate
1049 2281 1243 2345 arbitrorum
1281 2285 1441 2348 artissime

213 2366 411 2454 cohaerere,
446 2371 642 2435 Aristoteles
678 2372 809 2434 demum
844 2391 904 2434 nos
940 2371 1060 2436 docuit.
1107 2371 1221 2453 Itaque
1257 2371 1299 2436 de
1334 2382 1441 2436 aetate

213 2458 409 2524 arbitrorum
433 2482 539 2542 pauca
562 2461 773 2542 praemittere
796 2459 902 2529 liceat,

258 2545 381 2612 Adhuc
411 2554 444 2614 in
477 2570 517 2611 eo
552 2550 608 2611 viri
644 2550 733 2612 docti
769 2548 1035 2627 consentiebant,
1071 2569 1186 2612 omnes
1221 2551 1310 2613 cives
1345 2554 1442 2633 culpa

213 2633 335 2701 liberos
344 2636 369 2723 ²)
393 2639 604 2720 sexagesimo
628 2640 744 2701 aetatis
767 2658 853 2699 anno
877 2637 1039 2713 consect0,
1069 2639 1096 2701 si
1121 2640 1210 2718 apud
1233 2641 1441 2721 magistratus

211 2744 249 2787 se
273 2726 338 2789 hoc
361 2747 494 2792 munere
517 2727 608 2808 fungi
632 2727 716 2789 velle
737 2726 878 2808 professi
901 2735 1002 2802 erant,
1026 2727 1167 2790 arbitros
1190 2727 1258 2791 fieri
1281 2731 1439 2810 potuisse,

212 2816 422 2895 magistratus
437 2817 596 2880 sortitioni
612 2815 798 2897 praefuisse,
822 2836 886 2897 qua
903 2825 1010 2880 certus
1025 2816 1160 2896 singulis
1176 2819 1267 2880 annis
1289 2837 1440 2882 numerus

213 2906 473 2973 constitueretur.
512 2905 573 2967 His
595 2905 663 2970 fere
685 2905 768 2968 locis
792 2925 831 2966 ea
855 2906 1015 2967 sententia
1041 2905 1221 2968 nitebatur:

255 2992 334 3062 Poll.
354 2996 439 3071 VIII,
462 2994 532 3064 126,
557 2995 708 3078 διαιτηταὶ
732 2989 801 3057 δ’ἐκ
823 3000 889 3057 τῶν
904 2993 985 3076 ὑπὲρ
1010 2995 1164 3077 ἑξήκοντα
1188 2996 1239 3078 ἔτη
1264 2997 1440 3076 γεγονότων

211 3081 415 3166 ἐκληροῦντο.

257 3173 403 3252 Hesych.
421 3196 446 3241 s.
464 3199 493 3241 v.
510 3174 670 3256 διαιτηταί·
688 3174 718 3236 οἳ
741 3167 776 3235 δὲ
790 3173 862 3254 περὶ
886 3173 1040 3255 ἑξήκοντα
1057 3174 1108 3256 ἔτη
1126 3174 1287 3254 γεγονότες
1310 3174 1438 3254 διῄτων.

257 3259 347 3324 Suid.
372 3284 398 3329 s,
425 3288 454 3331 ο,
479 3263 656 3345 διαιτητάς·
679 3261 753 3331 τοὺς
785 3263 867 3344 ὑπὲρ
898 3265 1091 3345 πεντήκοντα
1119 3263 1171 3346 ἔτη
1193 3263 1361 3344 γεγονότας
1383 3265 1437 3328 καί

211 3351 383 3433 καθαροὺς
424 3354 531 3435 πάσης
570 3352 669 3420 αἰτίας
715 3351 974 3434 ὑπειλημμένοας
1015 3351 1081 3414 ἀπὸ
1129 3358 1186 3414 τοῦ
1231 3353 1438 3436 ληξιαρχικοῦ

211 3442 433 3523 γραμματείου
457 3443 680 3524 κληρώσαντες
701 3440 738 3502 τὰ
762 3445 827 3504 τῶν
849 3440 987 3503 πολιτῶν
1011 3440 1130 3502 διαιτᾶν
1154 3441 1293 3510 ἐποίουν.

257 3527 338 3593 Lex.
355 3531 452 3612 Segu.
463 3551 496 3612 p.
515 3529 585 3610 186,
607 3531 620 3591 l
636 3551 661 3592 s.
675 3550 705 3597 V.
720 3530 877 3613 διαιτητήν
893 3549 899 3562 ·
924 3529 1004 3614 ὑπὲρ
1023 3528 1060 3591 τὰ
1076 3532 1269 3612 πεντήκοντα
1288 3531 1339 3614 ἔτη
1357 3530 1439 3613 ἦσαν

211 3619 326 3697 κριταί.

257 3706 339 3775 Lex.
364 3707 464 3789 Segu.
480 3729 514 3789 p.
532 3707 605 3781 235,
621 3707 680 3772 20:
694 3708 887 3788 -ἐγίνοντο
905 3707 939 3770 δὲ
955 3707 1105 3790 διαιτηταί
1121 3707 1236 3776 πάντες
1254 3707 1436 3790 Ἀθηναῖοι,

211 3795 261 3865 οἷς
284 3797 458 3879 ἑξηκοστὸν
482 3798 552 3868 ἔτος
574 3797 613 3880 ἦν
636 3826 678 3854 --
702 3796 805 3860 schol.
837 3798 879 3859 ad
904 3796 984 3865 Plat,
1008 3796 1095 3876 legg.
1120 3795 1175 3872 XI,
1200 3817 1233 3878 p.
1258 3795 1325 3859 926
1349 3796 1385 3867 C,

257 3886 300 3948 Hi
324 3887 386 3950 loci
410 3888 492 3949 inter
514 3907 550 3950 se
574 3887 754 3968 comparati
778 3887 908 3949 minime
933 3893 1126 3967 congruunt.

256 3975 387 4050 Pollux,
425 3978 475 4040 cui
509 3975 640 4039 Hubert
677 3978 709 4038 in
743 3976 840 4037 rebus
864 3974 906 4037 ad
947 3974 1155 4055 antiquitates
1194 3973 1270 4038 iuris
1311 3975 1438 4055 publici

211 4066 437 4142 spectantibus
472 4065 641 4145 plurimam
673 4064 901 4128 auctoritatem
923 4063 1050 4140 tribuit,
1086 4070 1195 4126 aetate
1219 4084 1317 4144 supra
1340 4083 1434 4128 sexa-

210 4153 302 4231 ginta
340 4174 441 4216 annos
477 4174 559 4234 opus
593 4153 691 4218 fuisse
726 4153 905 4238 contendit,
945 4151 1131 4232 Hesychius
1169 4162 1313 4215 aetatem
1352 4153 1438 4215 cirea

258 4383 280 4450 1)
301 4388 356 4435 Der
375 4393 420 4437 att.
439 4382 559 4436 Prozess²
578 4402 604 4450 p.
627 4386 701 4436 1012.

258 4453 281 4509 ⁶2)
301 4457 341 4508 cf.
361 4457 430 4507 Suid.
450 4473 471 4510 s.
489 4475 513 4507 v.
534 4454 672 4521 διαιτητάς.
