3330 5234
689 453 913 516 ..40-

757 630 852 716 sn.

188 789 280 892 Qua
307 797 469 868 ratione
497 793 592 868 lites
621 793 728 890 apud
756 770 935 870 arbItros
956 800 1071 869 actae
1099 797 1194 870 sint.
1235 793 1298 870 De
1317 817 1417 892 pro-

563 920 783 993 vocatione
805 917 855 992 ad
873 918 1042 993 Iudices

230 1093 283 1154 De
305 1093 430 1155 ratione
453 1091 526 1154 lites
549 1093 637 1174 apud
659 1093 799 1155 arbitros
822 1093 941 1172 agendi
957 1092 1061 1157 Meier
1082 1114 1115 1175 p.
1129 1091 1172 1157 56
1188 1115 1238 1179 sq.
1264 1103 1298 1158 et
1320 1113 1418 1157 accu-

187 1182 347 1261 ratissime
359 1180 489 1244 Hubert
512 1182 557 1265 (p.
575 1181 618 1243 42
631 1179 692 1268 sq.)
705 1182 961 1263 disputaverunt.
985 1180 1116 1246 Veritus
1131 1183 1236 1266 igitur,
1255 1204 1298 1248 ne
1311 1191 1417 1247 totam

186 1290 255 1332 rem
281 1270 444 1333 hocloco
469 1278 645 1333 retractare
669 1270 778 1334 inutile
801 1270 851 1346 sit,
877 1270 954 1334 nihil
969 1272 1029 1333 nisi
1054 1290 1103 1351 ea,
1128 1292 1213 1354 quae
1229 1292 1273 1335 ex
1284 1272 1418 1335 ArIsto·

186 1358 260 1422 telis
285 1379 358 1440 cap.
381 1358 453 1421 LIII
477 1362 494 1440 ξ
519 1359 537 1420 2
562 1359 728 1422 afferenda
751 1368 836 1436 sunt,
861 1359 982 1423 addere
1006 1362 1168 1424 constitui.

229 1447 421 1513 Aristotelis
451 1457 560 1511 autem
583 1447 684 1510 verba
706 1457 781 1512 sunt
804 1448 904 1514 haec:
933 1448 973 1512 Οί
995 1448 1030 1512 δὲ
1053 1446 1110 1535 (sc.
1136 1447 1298 1536 διαιτηταὶ)
1315 1473 1416 1534 παρα-

186 1537 345 1619 λαβόντες,
370 1533 426 1600 ἒάν
448 1539 496 1620 μὴ
527 1537 684 1600 δύνωνται
716 1538 868 1610 διαλῦσαι,
893 1538 1112 1618 γιγνώσκουσι,
1144 1541 1206 1602 κᾶν
1229 1538 1290 1622 μὲν
1308 1540 1418 1622 ἀμφο-

183 1628 288 1708 τέροις
312 1627 433 1709 ἀρέσκῃ
456 1627 493 1690 τοὶ
516 1627 701 1707 γνωσθέντα
718 1627 772 1690 καὶ
795 1627 987 1710 ἐμμένωσιν,
1013 1628 1075 1708 ἔχει
1097 1628 1187 1696 τέλος
1210 1631 1230 1712 ἡ
1255 1628 1340 1712 δίκη.

229 1714 293 1777 Hic
317 1715 492 1778 subsistere
521 1714 627 1782 liceat.
666 1714 790 1779 Adhuc
821 1716 906 1778 enlm
929 1716 1170 1797 inexploratum
1195 1725 1283 1795 erat,
1318 1717 1416 1779 etiam

184 1803 336 1886 publicos
349 1803 496 1872 arbitros.
514 1812 690 1884 antequam
706 1804 894 1885 iudicarent,
911 1804 1075 1885 litigantes
1086 1805 1169 1868 inter
1191 1825 1227 1867 se
1243 1804 1417 1869 conciliare

184 1901 322 1955 conatos
345 1891 460 1978 esse1).
486 1891 687 1956 Conciliandi
710 1893 851 1956 studium
875 1894 964 1975 apud
980 1895 1125 1974 privatos
1141 1895 1279 1957 arbitros
1302 1896 1334 1956 in
1357 1914 1417 1958 usu

184 2001 259 2044 esse
277 1982 337 2044 rati
361 1983 511 2045 homines
536 1981 625 2044 docti
648 1981 798 2062 publicos
814 1981 953 2045 arbitros
978 1982 1139 2046 iudicibus
1155 1983 1327 2065 propiores
1344 2002 1418 2045 esse

184 2080 378 2134 censuerant
387 2067 421 2158 2).
465 2070 599 2135 Ceteras
623 2068 774 2134 formulas
799 2070 831 2132 in
855 2069 1035 2158 ovvauoffll
1058 2071 1255 2136 arbitrorum
1279 2073 1417 2135 usitatas

183 2160 386 2223 Aristoteles
409 2161 571 2243 praeterit.
604 2159 698 2240 Quae
723 2160 843 2224 deinde
867 2160 953 2236 dicit,
979 2159 1022 2224 ad
1045 2162 1317 2241 provocationem
1341 2179 1418 2242 per-

183 2249 305 2312 tinent:
319 2248 378 2312 ’Ὰν
401 2247 452 2313 δ’ὁ
476 2251 582 2330 ἔτερος
597 2249 662 2331 ἐφῇ
683 2254 749 2312 τῶν
765 2248 934 2312 ἀντιδίκων
958 2251 1002 2320 τίς
1023 2249 1059 2312 τὸ
1077 2252 1290 2334 δικαστήριον,
1315 2245 1417 2334 ἔμβα-

183 2339 291 2408 ίόντες
314 2339 370 2408 τὰς
392 2340 572 2421 μαρτυρίας
594 2338 648 2401 καὶ
671 2337 727 2407 τὰς
750 2339 943 2422 προκλήσεις
966 2339 1020 2402 καὶ
1044 2339 1118 2409 τοὺς
1140 2339 1263 2423 νόμους
1286 2340 1331 2408 εἰς
1354 2339 1416 2420 ἐχί-

182 2451 269 2501 νους,
304 2429 406 2508 χωρὶς
428 2427 490 2511 μὲν
520 2427 575 2497 τὰς
604 2433 661 2490 τοῦ
686 2428 861 2496 διώκοντος
891 2429 994 2509 χωρίς
1016 2427 1052 2491 δὲ
1074 2429 1130 2498 τὰς
1151 2435 1208 2492 τοῦ
1232 2431 1415 2510 φεύγοντος,

183 2517 238 2580 καὶ
261 2519 394 2586 τούτους
418 2518 723 2601 κατασημηνάμενοι
746 2518 800 2580 καὶ
823 2518 880 2600 τίγν
902 2519 1006 2596 κρίσιν
1032 2518 1088 2600 τὴν
1112 2524 1169 2580 τοῦ
1186 2517 1344 2601 διαιτητοῦ
1368 2541 1417 2599 γε·

182 2607 373 2689 γραμμένην
396 2601 430 2669 ἐν
453 2606 661 2688 γραμματείῳ
685 2608 963 2688 προσαρτήσαντες
986 2606 1202 2687 παραδιδόασι
1233 2608 1328 2669 πάλιν
1349 2612 1417 2676 τοῖς

181 2697 238 2779 τὴν
278 2696 385 2778 φυλὴν
425 2701 481 2758 τοῦ
520 2697 694 2776 φεύγοντος
732 2694 926 2772 δικάζουσιν,
988 2695 1040 2756 De
1079 2695 1220 2777 capsulis
1265 2695 1325 2758 illis
1363 2695 1416 2757 vel

182 2785 300 2864 ἐχίνοις
323 2791 454 2863 praeter
465 2783 728 2846 Demosthenem
752 2784 954 2863 grammatici
977 2804 1038 2845 nos
1055 2783 1177 2846 dudum
1195 2783 1415 2868 docuerant⁴).

182 2873 285 2935 Meier
315 2871 397 2934 falso
429 2874 471 2934 de
504 2892 568 2933 una
599 2892 678 2934 uma
713 2872 925 2952 cogitaverat.
967 2872 1061 2954 Quae
1084 2872 1213 2936 Hubert
1237 2872 1280 2958 (p.
1311 2873 1369 2954 44]
1383 2871 1415 2960 5)

182 2961 343 3024 adversus
367 2961 452 3024 hanc
484 2962 677 3024 sententiam
708 2961 852 3043 protulit,
877 2981 962 3023 nunc
985 2961 1044 3025 Ar.
1073 2961 1092 3024 l.
1118 2983 1146 3024 c.
1171 2960 1413 3026 confirmantur.

182 3052 274 3113 Duas
299 3071 395 3112 urnas
419 3049 516 3113 fuisse
539 3050 718 3131 putandum
751 3059 821 3130 est,
857 3070 941 3130 quae
976 3050 1127 3113 omnibus
1158 3053 1191 3114 in
1222 3051 1415 3132 litigantium

182 3140 398 3204 conventibus
437 3148 570 3220 praesto
610 3148 719 3214 erant;
766 3140 958 3203 certantium
1005 3149 1139 3221 uterque
1186 3140 1312 3220 singula
1349 3139 1414 3203 litis

182 3229 381 3292 documenta
405 3229 576 3304 Iniciebat‚
618 3227 812 3311 simulatque
844 3228 971 3308 prolata
1005 3237 1038 3291 et
1068 3228 1110 3290 ab
1134 3229 1255 3291 arbitro
1280 3229 1415 3310 cognita

181 3327 267 3402 sunt,
291 3320 337 3381 ita
361 3328 396 3380 ut
419 3327 494 3382 ante
518 3318 699 3380 sententiae
723 3318 1018 3398 pronuntiationem
1040 3319 1158 3392 omnia,
1184 3339 1268 3399 quae
1291 3320 1323 3380 in
1341 3337 1415 3398 pro-

181 3408 356 3470 vocatione
380 3407 421 3468 ad
445 3407 567 3470 iudices
591 3408 662 3469 usui
685 3427 758 3470 esse
782 3415 941 3486 poterant,
967 3407 1011 3468 ibi
1035 3407 1286 3469 continerentur.
1326 3407 1413 3468 Tum

180 3497 343 3560 sententia
368 3496 537 3560 dicebatur
559 3506 603 3575 et,
627 3496 654 3558 si
678 3495 758 3557 alter
781 3495 973 3575 litigantium
999 3515 1034 3559 se
1058 3504 1312 3576 provocaturum
1336 3516 1411 3558 esse

180 3585 423 3667 pronuntiabat,
448 3586 481 3646 id
505 3586 596 3667 quod
619 3584 704 3647 illico
727 3583 912 3648 faciendum
936 3592 1015 3664 erat,
1040 3585 1189 3648 universa
1213 3585 1412 3649 documenta

179 3677 269 3738 urnis
293 3676 325 3736 in
349 3675 477 3737 actione
502 3675 629 3736 usitatis
652 3682 810 3753 exempta
826 3680 859 3734 et
875 3672 992 3753 denu0,
1019 3694 1059 3735 ne
1077 3674 1155 3754 quid
1174 3673 1316 3749 deesset,
1342 3692 1413 3754 per-

179 3765 314 3826 lustrata
338 3764 432 3826 novis
451 3763 537 3825 urnis
554 3762 788 3826 condebantur.
814 3761 918 3824 Alteri
935 3783 1045 3843 urnae,
1070 3763 1115 3824 rei
1130 3771 1221 3843 put0‚
1247 3762 1412 3826 arbitrium

179 3852 293 3915 litteris
319 3852 507 3915 mandatum
531 3853 773 3920 annectebatur.
797 3849 851 3912 Sic
873 3851 1071 3932 obsignatae
1094 3850 1137 3912 ad
1154 3870 1228 3913 eum
1246 3853 1413 3932 magistra·

178 3951 258 4017 tum,
283 3943 337 4023 qui
363 3962 481 4005 causae
505 3943 636 4025 ἡγεμών
660 3949 745 4021 erat,
771 3939 930 4004 redibant.
956 3939 989 4003 Si
1012 3949 1127 4004 neuter
1150 3942 1343 4003 certantium
1368 3941 1413 4002 ad

215 4101 237 4166 1)
257 4104 367 4168 Lipsius,
386 4102 506 4153 Berichte
526 4109 578 4152 etc.
596 4118 624 4165 p.
642 4103 682 4155 59.

215 4172 236 4236 ²)
256 4175 298 4227 CI.
317 4173 407 4234 Meier,
426 4191 452 4240 p.
473 4173 520 4232 27;
541 4175 641 4224 Hubert
660 4189 685 4238 p.
707 4173 740 4220 42
761 4170 778 4238 ξ
798 4173 823 4225 8.

216 4243 236 4309 ⁸)
256 4248 336 4295 Dem.
355 4245 399 4305 47,
422 4246 461 4296 14.

213 4316 234 4381 ⁴)
254 4320 329 4366 Dem.
349 4331 386 4368 or.
407 4313 483 4382 39,§
506 4315 549 4372 17;
575 4331 611 4364 or.
631 4315 674 4375 54,
692 4312 709 4381 ς
728 4314 773 4372 27;
800 4312 899 4380 (Dem.)
919 4329 956 4364 or.
967 4311 1048 4379 47,§
1071 4314 1114 4371 Ιός
1142 4313 1244 4365 Pollux.
1265 4314 1340 4374 VIII,
1362 4313 1411 4362 127

176 4389 263 4455 (locus
282 4384 430 4452 mutilatus);
450 4386 519 4436 Suid.
539 4395 564 4435 et
582 4386 686 4436 Photius
705 4402 724 4438 s.
744 4401 766 4438 v.
786 4381 877 4449 ἒχῖνοις
905 4385 985 4450 Harp.
1005 4400 1023 4434 s.
1044 4401 1067 4436 v.
1087 4381 1229 4450 διαιτηταί;
1252 4383 1292 4438 Cf.
1302 4385 1413 4446 Hubert,

178 4477 206 4525 p.
225 4461 260 4507 44
280 4476 318 4524 sq.
